3409 4567
465 408 609 473 Petrus
625 406 871 472 Mosellanus
891 406 1033 472 loanni
1049 406 1269 472 Poliaudro
1289 406 1448 491 Lipsiae

466 527 570 613 apud
600 526 741 593 divum
769 528 959 592 Thomam
997 526 1283 612 ludimagistro
1318 547 1389 593 suo
1414 527 1446 593 S.

594 701 635 759 Es
661 704 696 760 tu
721 702 854 777 quidem,
880 702 923 759 mi
947 700 1088 770 loannes,
1115 702 1177 760 ianr
1203 719 1303 761 annos
1333 703 1448 762 multos

517 814 551 855 re
576 797 646 872 ipsa
673 798 830 872 expertus,
858 797 976 872 quanta
1001 813 1072 854 cum
1094 796 1280 856 difficultate
1303 799 1334 855 et
1355 792 1448 872 quam

490 907 589 950 asaro
608 891 735 950 infirma
754 908 924 966 puerorum
938 893 1026 950 aetas
1050 891 1090 949 ad
1103 890 1279 951 Latinitatis
1301 894 1448 968 antiquae

518 987 724 1045 imitationem
749 986 923 1062 perveniat.
970 985 1049 1044 Nam
1081 1003 1152 1044 oum
1182 988 1254 1062 post
1279 987 1379 1062 prima
1403 990 1448 1047 rei

518 1082 742 1157 grammaticae
772 1081 951 1140 rudimenta
980 1082 1090 1140 tenera
1119 1081 1246 1155 ingenia
1276 1083 1383 1141 statim
1408 1084 1448 1142 ad

517 1177 619 1237 Latini
637 1177 791 1236 sermonis
810 1194 904 1235 usum
925 1177 1092 1252 adigantur
1113 1193 1170 1235 nec
1191 1179 1297 1236 tamen
1317 1178 1382 1238 ulla
1402 1179 1448 1237 eis

517 1273 569 1332 via
590 1273 628 1331 ad
642 1272 724 1331 hanc
749 1288 815 1330 rem
836 1272 1078 1339 demonstretur,
1099 1271 1138 1329 fit
1167 1274 1211 1340 ut,
1233 1273 1307 1331 dum
1327 1274 1446 1332 utcum-

480 1382 506 1424 ιο
519 1384 579 1442 que
618 1367 699 1442 quod
739 1368 888 1425 iubentur
927 1368 1089 1441 praestare
1129 1368 1289 1437 conantur,
1336 1384 1449 1427 novam

518 1463 674 1537 quandam
700 1461 845 1536 loquendi
866 1462 1019 1520 rationem
1041 1462 1134 1537 plane
1154 1463 1320 1521 barbaram
1341 1467 1373 1520 et
1393 1479 1449 1538 per

517 1557 678 1616 vernaculi
708 1557 862 1615 sermonis
889 1558 1025 1631 vestigia
1055 1557 1283 1631 ingredientem
1307 1558 1390 1616 inter
1414 1574 1448 1616 se

518 1652 577 1710 sibi
601 1653 663 1727 ipsi
690 1652 884 1727 confingant.
931 1650 1018 1722 Quod
1043 1652 1154 1710 vitium
1179 1652 1309 1710 rudibus
1335 1653 1448 1711 animis

518 1749 549 1805 et
569 1764 626 1821 per
649 1746 708 1805 hoc
729 1746 938 1805 tenacioribus
965 1746 1099 1821 primum
1124 1746 1314 1820 impressum
1339 1749 1449 1822 postea

480 1856 505 1899 15
519 1842 604 1901 nulla
634 1844 702 1899 arte
733 1841 829 1899 deleri
859 1842 972 1915 potest.
1024 1840 1126 1915 Atque
1156 1841 1235 1899 haec
1257 1858 1352 1900 causa
1372 1842 1448 1900 mihi

517 1936 648 2003 videtur,
671 1936 752 2010 quod
774 1954 835 1994 non
858 1935 1005 1994 Germani
1026 1937 1135 2003 solum,
1159 1937 1215 1994 sed
1235 1948 1267 1994 et
1287 1936 1363 2002 Itali,
1396 1940 1448 2011 qui

517 2032 606 2090 nobis
631 2032 691 2090 hac
721 2035 810 2107 parte
841 2031 997 2089 feliciores
1024 2030 1122 2089 videri
1153 2031 1271 2101 volunt,
1303 2049 1448 2091 sermone

518 2127 671 2186 cotidiano
698 2127 858 2185 immundo
879 2127 956 2185 adeo
978 2128 1010 2184 et
1029 2143 1141 2200 parum
1162 2127 1287 2202 proprio
1307 2130 1447 2186 utuntur.

517 2220 630 2279 Videas
657 2222 740 2279 enim
766 2221 879 2279 bonam
905 2222 1027 2295 partem
1053 2237 1168 2287 eorum,
1200 2224 1253 2296 qui
1277 2222 1369 2280 hodie
1391 2223 1446 2280 lin·

477 2330 505 2373 ao
518 2332 613 2390 guam
633 2315 775 2375 Latinam
796 2316 993 2391 profitentur,
1018 2317 1049 2374 in
1072 2317 1225 2391 loquendo
1247 2317 1324 2375 nihil
1344 2318 1447 2376 minus

517 2411 638 2485 spirare
660 2428 753 2485 quam
775 2412 916 2470 nativum
937 2411 1024 2469 illum
1039 2413 1071 2470 et
1088 2412 1304 2486 incorruptum
1318 2411 1448 2471 Romani

518 2506 672 2564 sermonis
713 2506 847 2574 odorem,
894 2508 930 2564 ut
969 2506 1212 2566 candidissimae
1253 2507 1448 2581 eloquentiae

517 2601 650 2676 scriptor
675 2600 789 2661 Fabius
816 2602 854 2660 de
885 2602 1089 2676 extemporali
1120 2602 1269 2660 orationis
1299 2601 1448 2661 facultate

516 2695 635 2755 frustra
668 2697 835 2771 scripsisse
869 2696 1021 2755 videatur.
1083 2695 1161 2767 Quid
1192 2698 1275 2770 quod
1304 2697 1363 2756 hoc
1384 2714 1447 2756 ma·

476 2804 504 2847 25
517 2790 581 2849 lum
602 2792 755 2867 gravioris
782 2793 877 2851 etiam
898 2792 1010 2851 aetatis
1032 2792 1225 2867 profectibus
1248 2808 1371 2851 omnem
1394 2810 1446 2852 au-

517 2900 564 2943 Lat„
577 2901 789 2945 litteraturdenkm.
811 2901 841 2943 l&
1261 2906 1274 2956 1
