3409 4567
671 481 821 526 DIALOGVS
835 481 1012 526 xxv111—xxx.
1297 486 1333 543 37

476 665 675 723 Antonius
721 664 784 725 Sed
814 667 898 725 unde
919 666 1035 725 famem
1060 665 1183 742 pellam,
1215 668 1242 725 si
1273 684 1336 726 non

401 761 487 818 cibes
508 760 727 834 undecumque
749 764 933 835 conquirere
955 758 1047 821 licet?

479 854 689 914 Marcellus.
751 854 807 915 Hic
841 858 874 916 in
908 857 985 916 urbe
1020 858 1171 931 quantum
1205 859 1336 916 naturae

400 951 478 1009 satis
513 953 561 1009 est
592 951 733 1009 nancisci
769 954 874 1025 potas;
911 969 984 1010 nam
1017 968 1148 1025 quorum
1182 951 1335 1010 beneficio

372 1045 496 1103 statius
525 1044 598 1103 anni
620 1044 738 1104 victum
759 1048 926 1119 conquiris,
953 1046 1123 1105 eorundem
1143 1046 1336 1122 benignitate

401 1144 433 1199 et
453 1155 570 1214 paucos
592 1140 658 1199 dies
679 1140 857 1215 transigere
878 1158 999 1217 posses

478 1234 674 1293 Antonius.
695 1234 824 1300 Frustra
834 1239 865 1295 te
879 1236 1016 1312 appello;
1032 1238 1227 1304 severiores,
1243 1251 1336 1310 quam

400 1333 436 1389 ut
458 1334 563 1390 tecum
583 1348 651 1390 rem
671 1330 787 1389 habere
808 1332 910 1389 velim.
952 1331 1024 1405 Ipsa
1045 1348 1079 1389 es
1101 1332 1266 1406 sapientia.

478 1425 691 1485 Marcellus.
732 1426 809 1501 Age,
832 1442 901 1501 age,
923 1427 959 1483 ut
979 1426 1073 1485 lubet.

547 1787 559 1809 l
660 1709 889 1775 umncevs
913 1689 1025 1775 111111.

679 1848 816 1909 Paulus
838 1852 875 1908 et
895 1849 1026 1909 Lucas.

506 1978 550 2031 De
569 1983 734 2032 sanctorum
752 1981 952 2032 communione
971 1979 1184 2049 colloquuntur.

480 2098 628 2159 Paulus.
671 2100 805 2159 Obsecro
827 2103 868 2170 te,
889 2101 932 2158 mi
953 2100 1044 2168 Luca,
1071 2101 1171 2159 modis
1193 2101 1337 2159 omnibus

405 2210 462 2253 nos
484 2196 679 2254 excutiamus
701 2197 795 2270 atque
827 2195 865 2254 ab
900 2196 983 2253 omni
1013 2197 1214 2270 peccaterum
1245 2196 1337 2254 sorde

366 2303 391 2346 15
405 2292 614 2365 paenitentiae
630 2292 733 2366 scopis
750 2308 967 2366 repurgemus,
985 2308 1025 2350 ne
1036 2292 1074 2349 ad
1087 2292 1166 2349 tanti
1177 2290 1336 2365 principis,

404 2389 456 2460 qui
467 2387 565 2445 semel
576 2388 656 2445 nutu
667 2404 724 2445 nes
735 2388 866 2462 perdere
877 2388 991 2463 petest,
1003 2404 1145 2446 mensam
1156 2386 1250 2445 illotis
1262 2402 1335 2460 qua·

372 2495 436 2550 [naal
456 2483 484 2539 si
495 2482 640 2541 manibus
652 2484 839 2541 accedamus
851 2484 883 2541 et
893 2499 1007 2557 panem
1018 2482 1106 2541 illum
1117 2499 1184 2541 cae·
1203 2485 1207 2549 Ι
1225 2482 1336 2541 lestem

405 2578 499 2651 atque
513 2577 730 2636 admirandum
742 2578 858 2652 pollute
874 2594 936 2644 ere,
952 2578 1045 2635 imme
1061 2578 1092 2635 et
1108 2578 1211 2636 anime
1233 2593 1335 2635 suma-

404 2688 489 2742 mus;
511 2673 550 2730 de
571 2689 632 2746 que
648 2673 715 2731 heri
730 2676 794 2731 tam
808 2674 862 2747 pia
876 2676 1002 2747 tamque
1020 2672 1173 2748 frugifera
1187 2671 1337 2731 disseruit

364 2781 391 2823 20
404 2767 630 2842 ludimagister.

481 2859 609 2918 Lucas.
651 2859 801 2934 Equidem
823 2877 879 2935 pre
900 2878 971 2920 mea
992 2861 1073 2920 virili
1094 2862 1133 2920 ad
1146 2861 1206 2920 hoc
1226 2863 1336 2920 enitar.

404 2954 465 3013 Sed
498 2970 587 3031 roge:
629 2956 777 3030 quidnam
811 2956 849 3014 de
883 2955 943 3015 hoc
982 2957 1132 3031 mysterio
1163 2957 1337 3031 disputavit

404 3047 607 3125 praecepturi
637 3050 717 3109 Nam
738 3051 807 3125 ipse
828 3067 892 3109 nen
913 3051 1050 3110 interfui.

348 3133 350 3138 ⁸
483 3130 629 3204 Paulus
672 3145 875 3214 Omiserum
898 3147 950 3220 qui
971 3147 1047 3206 talia
1067 3144 1224 3221 neglegis!

365 3253 391 3295 25
482 3239 610 3299 Lucas.
665 3241 787 3299 Adesse
825 3258 887 3299 nen
924 3242 1008 3316 quivi
1043 3242 1114 3300 alibi
1149 3242 1335 3316 occupatus;

405 3336 605 3408 quamebrem
630 3336 834 3395 vehementer
866 3353 918 3394 erc
950 3341 982 3396 et
1012 3339 1158 3406 obtestor,
1192 3353 1231 3395 ne
1262 3335 1336 3394 mihi

404 3447 469 3488 rem
491 3431 568 3489 adec
591 3430 749 3490 salubrem
769 3431 922 3489 invideas,

482 3525 629 3584 Paulus.
671 3526 783 3584 Aiebat
817 3529 938 3585 tantam
973 3543 1044 3585 esse
1069 3527 1217 3585 virtutem
1244 3527 1336 3585 buius

405 3621 578 3679 admirandi
601 3621 669 3688 cibi,
703 3623 737 3679 ut
762 3621 815 3695 qui
842 3638 885 3690 ee,
905 3622 964 3679 rite
990 3626 1194 3681 vescerentur
1224 3621 1337 3679 fierent

364 3728 502 3773 eounum
537 3732 649 3790 cerpus
685 3719 779 3790 atque
818 3733 900 3774 unus
936 3717 1065 3790 spiritus
1108 3733 1179 3775 cum
1214 3714 1336 3773 Christo

405 3810 513 3883 sicque
533 3812 564 3868 in
594 3810 695 3870 Deum
720 3811 840 3885 Deique
861 3810 962 3883 filium
983 3812 1118 3883 abirent3
1140 3812 1197 3870 sed
1218 3812 1245 3868 si
1267 3811 1336 3885 quis

405 3906 546 3979 impurus
568 3906 738 3981 contingat,
761 3923 832 3965 eum
854 3923 916 3964 nen
931 3907 1073 3974 salutem,
1096 3906 1152 3966 sed
1167 3908 1336 3965 extremam
