3409 4567
728 480 878 524 Dialoevs
892 481 927 530 lV,
940 480 966 523 V.

378 679 441 733 [aab]
702 661 930 728 DIALOGVS
954 662 993 728 V.

357 793 403 847 De
435 792 615 862 excipiendis
644 794 826 848 scholasticis
857 791 973 847 aliunde
995 792 1219 847 advenientibus
1247 790 1343 862 deque

358 878 487 934 Graecae
502 880 686 934 litteraturae
700 879 872 934 rudimentis
887 880 917 932 in
932 881 1025 949 prima
1037 883 1135 934 aetate
1149 877 1342 933 addiscendis.

652 985 800 1044 Marcus
822 989 859 1043 et
879 984 1047 1043 loannes

382 1146 395 1188 5
485 1132 639 1191 Marcus
691 1132 780 1191 Vnde
811 1132 902 1194 nobis
938 1132 1079 1199 advenis,
1116 1132 1158 1190 mi
1188 1126 1341 1189 Ioannes?

408 1228 472 1286 Aut
501 1244 561 1303 quo
582 1229 686 1286 animo
715 1228 777 1288 huc
807 1228 847 1292 ad
868 1244 926 1287 nos
957 1244 992 1287 es
1013 1226 1193 1303 profectus?
1233 1224 1342 1299 Neque

408 1325 492 1382 enim
513 1323 623 1398 opinor
652 1323 717 1382 ludi
737 1323 832 1382 huius
853 1324 956 1398 gratia
980 1323 1079 1391 venie,
1111 1322 1165 1397 qui
1194 1323 1267 1381 ante
1297 1322 1343 1379 tot

408 1416 486 1474 meis
508 1418 602 1490 atque
628 1417 703 1474 item
725 1416 856 1475 aliorum
883 1416 995 1476 littoris
1016 1416 1168 1475 invitatus
1189 1414 1251 1474 huo
1271 1430 1340 1490 per-

407 1511 489 1570 trahi
510 1528 573 1569 non
594 1512 731 1586 potuisti.

373 1622 396 1664 ιο
486 1605 657 1668 loannes.
697 1607 793 1666 Immo
814 1607 874 1666 hac
895 1608 965 1683 ipsa
986 1623 1082 1666 causa
1102 1607 1223 1666 adsum.

488 1700 648 1761 Marcus.
667 1701 841 1777 Vtcumque
857 1702 905 1771 sit,
921 1703 1043 1778 gaudeo
1057 1705 1089 1761 te
1101 1701 1341 1760 festivissimum

408 1799 547 1857 sodalem
577 1797 667 1855 nohis
698 1798 863 1856 redditum.
917 1797 958 1856 Et
989 1799 1040 1856 bic
1081 1798 1236 1856 adventus
1266 1797 1340 1854 tuus

408 1892 558 1953 nonmihi
572 1893 682 1962 solum,
704 1894 761 1951 sed
776 1894 931 1962 omnibus
954 1894 1006 1969 qui
1024 1894 1193 1961 tenorum,
1214 1893 1341 1968 optatus

408 1992 465 2049 est.
506 1988 568 2047 Sed
589 1988 673 2047 enim
694 1989 818 2063 aperias
840 2006 901 2057 oro,
925 1990 1073 2062 quidnam
1094 1988 1135 2046 sit
1151 1987 1236 2056 illud,
1259 1987 1340 2061 quod
1436 2029 1439 2036 -

371 2099 395 2141 15
409 2088 440 2143 te
460 2084 587 2143 tandem
609 2084 670 2142 huo
691 2083 840 2143 allexerit.
933 2106 935 2109 ’

484 2178 651 2237 loannes.
691 2176 746 2235 Vis
768 2175 869 2237 scire?

484 2274 643 2331 Marcus
684 2271 769 2332 Volo.
803 2347 807 2353 ἡ

483 2369 655 2427 loannes.
700 2367 844 2427 Audies«
868 2364 945 2427 Cum
963 2367 1099 2443 primum
1119 2366 1218 2441 puber
1236 2365 1339 2424 lactus

406 2464 541 2539 graviori
562 2463 656 2538 paulo
678 2480 754 2522 cura
772 2467 1009 2539 praeceptorem
1030 2463 1199 2538 scriptores
1213 2460 1339 2520 Latinos

367 2573 393 2615 20
407 2560 641 2634 praelegentem
662 2559 769 2617 audire
791 2560 975 2634 coepissem,
1008 2558 1141 2618 subinde
1168 2556 1339 2616 Graeculae

406 2655 524 2729 aliquot
537 2671 631 2713 voces
647 2654 737 2712 nobis
752 2656 972 2726 occurrebant3
992 2671 1052 2729 quo
1072 2653 1139 2713 loco
1154 2655 1340 2728 praeceptor

406 2766 463 2807 suo
484 2766 614 2818 munere
645 2749 773 2825 egregie
804 2766 839 2807 se
861 2750 992 2825 putabat
1011 2748 1167 2824 perfungi,
1194 2748 1339 2823 quotiens

406 2846 505 2904 obiter
535 2847 657 2903 tantum
678 2845 861 2904 admoneret
892 2861 964 2903 esse
991 2861 1029 2904 ea
1050 2843 1177 2912 Graeca,
1210 2842 1339 2919 perinde

407 2957 443 2999 aa
464 2941 491 2998 si
512 2941 681 3015 peregrine
711 2941 750 2999 ad
770 2957 828 2998 nos
861 2940 938 2999 nihil
958 2941 1137 2999 attinerent.
1178 2938 1235 2997 Hic
1265 2938 1339 3014 quid

366 3050 392 3091 25
406 3034 475 3093 aliis
491 3036 691 3094 audientibus
705 3036 738 3093 in
752 3039 891 3095 mentem
905 3038 1035 3105 venerit,
1058 3036 1173 3104 nescio,
1195 3035 1338 3109 equidem

406 3132 451 3188 sic
472 3132 664 3205 cogitabam:
685 3132 712 3189 si
734 3132 773 3190 ad
794 3148 852 3190 nos
866 3131 944 3190 haee
959 3148 1021 3190 non
1035 3131 1202 3205 pertinent,
1223 3131 1260 3188 ut
1280 3145 1338 3188 neo

405 3227 531 3301 cognita
561 3226 687 3285 doctum
721 3243 780 3285 nec
800 3227 962 3301 incognita
987 3226 1167 3301 imperitum
1196 3224 1337 3291 reddant,

405 3338 461 3379 cur
491 3338 554 3380 non
585 3338 623 3380 ex
654 3322 740 3379 libris
772 3324 933 3395 tamquam
964 3321 1155 3379 offendicula
1185 3318 1338 3394 quaedam

405 3418 530 3491 penitus
562 3413 739 3475 eredimus?
791 3415 911 3475 Deinde
937 3417 1075 3475 mirabar
1094 3420 1237 3475 veterum
1263 3414 1337 3472 scri·

364 3526 391 3568 so
404 3521 528 3586 ptorum
549 3528 649 3587 paene
670 3513 809 3570 omnium
830 3513 1052 3580 curiositatem,
1074 3513 1210 3586 quinon
1236 3510 1337 3568 solum

404 3625 520 3683 magna
541 3625 617 3667 cure
636 3608 821 3682 peregrinas
842 3609 922 3667 istas
944 3625 1046 3682 nugas
1068 3607 1258 3673 didicissent,
1281 3605 1338 3663 sed

405 3708 436 3760 et
456 3703 542 3762 libris
564 3703 630 3761 suis
651 3702 739 3762 velut
764 3704 905 3762 maculas
927 3704 1080 3778 quasdam
1100 3702 1335 3777 inspersissent.

403 3796 574 3865 Postremo,
596 3816 785 3874 quamquam
807 3816 826 3858 a
840 3801 1044 3873 praeceptore
1058 3798 1155 3856 libere
1169 3797 1337 3855 dissentire

404 3899 472 3952 erat
493 3894 610 3968 religia,
632 3898 746 3962 tamen,
769 3911 839 3953 oum
862 3895 1002 3967 audirem
1026 3909 1097 3951 esso
1118 3893 1201 3951 viros
1222 3907 1336 3967 graves
