3409 4567
641 461 844 512 MOSELLANVS,
859 463 1058 509 Pnssnotooln.

486 646 606 705 Vitus.
647 648 689 704 At
708 648 778 705 istis
792 646 888 715 feriis,
915 665 1030 723 quaeso
1055 654 1094 718 te,
1117 651 1191 726 quid
1215 654 1343 710 tandem

408 739 532 817 agitur?

486 837 658 895 Severus.
714 836 791 908 Quia
834 839 861 896 is
897 838 987 896 divus
1023 840 1144 907 studiis,
1197 844 1232 900 ut
1267 843 1340 911 dixi,

408 933 587 1008 praesidere
621 935 755 1006 putatur,
791 933 889 1007 pueri,
925 934 978 1006 qui
1013 950 1102 993 suam
1139 938 1275 996 aetatem
1309 939 1342 997 in

381 1029 519 1086 alitteris
535 1044 629 1102 agere
643 1027 760 1095 volunt,
781 1045 817 1087 eo
833 1029 882 1087 die
898 1028 929 1086 in
945 1028 1027 1087 hanc
1046 1034 1185 1090 nostram
1199 1032 1342 1091 militiam

408 1124 534 1181 nomina
556 1123 632 1181 dant
652 1122 775 1190 faustis,
797 1126 833 1181 ut
853 1125 1042 1192 eminenter,
1065 1127 1223 1200 auspiciis.

486 1218 607 1277 Vitus.
648 1218 686 1277 Et
707 1219 830 1293 quando
852 1220 912 1277 hae
934 1224 1026 1277 erunt
1045 1219 1162 1280 feriae?

486 1313 665 1372 Severus.
707 1312 774 1382 Die,
806 1315 887 1372 sicut
919 1315 1036 1390 opinor,
1068 1316 1180 1375 abhinc
1211 1316 1341 1376 decime.

487 1407 605 1466 Vltus.
648 1408 776 1480 Quando
797 1410 841 1467 ita
862 1409 985 1477 suades,
1018 1413 1049 1468 et
1079 1411 1147 1486 ipse
1178 1413 1252 1470 mihi
1283 1414 1341 1471 ori·

371 1519 395 1561 ro
410 1504 560 1562 cularium
583 1520 707 1562 sacrum
734 1504 791 1573 (sic
812 1505 895 1562 enirn
920 1509 1035 1563 vocant
1056 1506 1196 1564 nonnulli
1217 1508 1341 1576 eruditi)

408 1616 566 1673 quaeram,
588 1599 620 1656 in
642 1600 730 1657 cuius
752 1600 857 1657 sinum
878 1616 948 1657 mea
969 1599 1081 1658 delicta
1102 1600 1272 1659 effundam.

485 1693 659 1752 Severus.
716 1693 749 1752 Si
775 1695 870 1761 lubet,
915 1710 986 1752 eum
1017 1696 1187 1754 accedendi
1218 1697 1342 1756 dabitur

375 1803 440 1857 [nae]
458 1790 601 1856 facultas,
621 1786 625 1863 l
644 1805 735 1862 quem
756 1790 825 1863 ipse
845 1790 908 1848 iam
927 1788 1025 1848 semel
1038 1792 1132 1864 atque
1147 1792 1260 1850 iterum
1275 1793 1341 1851 dili-

406 1890 533 1959 gentem
555 1900 624 1942 sum
647 1889 803 1959 expertus

369 1995 393 2036 15
485 1978 604 2037 Vltus
654 1981 695 2037 At
726 1997 784 2055 ego
816 1981 940 2039 mallem
975 1981 1162 2040 oscitantem
1195 1981 1339 2055 aliquem,

407 2091 500 2149 quem
535 2091 597 2132 non
634 2092 748 2150 magno
780 2077 906 2151 negotio
937 2077 969 2134 in
1005 2077 1123 2151 aliquot
1157 2076 1340 2135 criminibus

406 2171 515 2230 lallere
536 2186 671 2245 possem.

484 2266 663 2325 Severus.
705 2268 744 2324 At
764 2266 822 2325 hoc
844 2283 906 2324 non
927 2271 976 2325 est
995 2266 1208 2325 Christianum
1233 2283 1337 2341 agere,

407 2364 462 2422 sed
475 2364 634 2437 vulpinam
647 2363 891 2421 fraudulentiam
905 2361 1036 2419 referre:
1048 2378 1158 2420 verum
1170 2368 1203 2419 tu
1215 2362 1339 2420 videris.

666 2668 893 2737 DIALOGVS
917 2670 1045 2775 XXIX.

615 2812 816 2871 Marcellus
837 2814 874 2869 et
894 2811 1094 2869 Antonius

485 2943 695 3002 Marcellus.
738 2941 839 3007 Salve,
862 2941 987 2999 Antoni.

485 3039 676 3097 Antonius.
719 3037 757 3095 Et
777 3044 819 3103 tu,
842 3038 884 3094 mi
906 3036 1059 3095 Marcelle.

486 3133 696 3192 Marcellus
732 3132 809 3204 Quid
825 3138 882 3201 est,
899 3133 980 3206 quod
995 3132 1039 3190 ita
1053 3126 1221 3189 discurris?
1243 3129 1339 3201 Quem

367 3224 552 3302 aequaeris‘l

485 3324 678 3381 Antonius
720 3322 849 3393 Quaero,
883 3324 935 3396 qui
962 3339 1083 3381 mecum
1106 3337 1159 3378 rus
1181 3323 1231 3378 eat
1252 3319 1339 3377 mihi-

408 3436 467 3492 que
488 3421 519 3478 in
542 3418 777 3477 emendicandis
800 3435 837 3476 ex
859 3434 943 3476 more
966 3419 1033 3476 ovis
1056 3417 1096 3475 sit
1118 3415 1232 3474 socius.

485 3513 694 3573 Marcellus
737 3513 777 3570 nt
801 3512 879 3570 haec
902 3513 1094 3571 consuetudo
1116 3526 1215 3584 prava
1240 3516 1288 3568 est
1309 3513 1341 3567 et

407 3609 537 3683 indigna
568 3626 613 3677 eo,
655 3608 707 3682 qui
741 3624 776 3665 se
810 3607 991 3665 liberalibus
1030 3607 1143 3664 studiis
1178 3604 1338 3663 addixerit.

367 3703 486 3775 aoQuid
518 3706 600 3762 enim
632 3702 777 3762 servilius
813 3719 906 3775 quam
938 3703 1046 3760 decem
1077 3716 1204 3758 ovorum
1240 3700 1340 3774 gratia

409 3802 579 3875 agrestium
600 3799 706 3858 caulas
729 3798 865 3856 ostiatim
886 3796 1085 3855 obambulare
1107 3803 1200 3868 atque
1215 3795 1340 3852 interim

409 3896 491 3954 domi
512 3895 679 3954 lectionum
700 3894 851 3952 iacturam
872 3887 995 3950 iacere?
