3409 4567
717 456 953 507 cncocvsnmr.
1289 464 1324 519 ῃ

470 641 639 700 Thomas.
680 640 766 699 Bene
787 641 892 709 habet,
925 642 1008 716 quod
1038 659 1100 701 non
1131 642 1230 718 pluris
1251 660 1325 702 ven-

394 737 524 795 duntur:
547 736 671 811 alioqui,
693 752 772 810 quae
787 753 858 796 mea
873 738 922 795 est
943 739 1080 813 egestas,
1102 755 1243 798 coemere
1263 757 1326 798 non

394 832 602 892 suffecissem.

471 928 722 1002 Hieronymus.
763 925 880 985 Eamus
902 943 985 1001 ergo.

366 1037 380 1079 5
472 1023 640 1082 Thomas.
688 1021 815 1093 Quando
837 1024 902 1094 vis3
934 1022 965 1080 in
990 1038 1040 1080 me
1068 1039 1131 1081 non
1156 1025 1205 1080 est
1230 1040 1324 1082 mora.

688 1376 916 1442 DIALOGVS
940 1377 982 1441 X.

495 1524 699 1594 Complectens
718 1522 857 1577 formulas
876 1523 1015 1594 loquendi
1034 1522 1070 1576 de
1089 1522 1178 1578 feriis.

590 1645 821 1721 Stephanus,
842 1645 1079 1705 Laurentius.

474 1784 698 1859 Stephanus.
741 1782 838 1854 Quem
859 1784 948 1842 aiunt
967 1784 1058 1843 hodie
1073 1785 1156 1859 apud
1176 1786 1327 1860 populum

358 1896 382 1937 ro
395 1881 427 1938 in
448 1880 563 1954 templo
585 1882 692 1937 nostro
714 1879 975 1949 contionaturum,
996 1880 1038 1937 mi
1059 1878 1229 1939 Laurenti?

472 1974 710 2033 Laurentius.
751 1974 851 2032 Audio
872 1975 1052 2048 quempiam
1072 1991 1089 2033 e
1109 1975 1273 2042 monachis
1295 1976 1326 2034 in

396 2073 582 2145 suggestum
603 2070 807 2144 proditurum.

473 2165 696 2239 Stephanus
757 2164 852 2222 Miror
892 2180 953 2221 non
994 2164 1151 2238 insignem
1192 2164 1328 2240 aliquem

396 2261 576 2335 theologum
596 2261 624 2318 ei
645 2259 771 2334 negotio
793 2258 943 2325 adhiberi,
965 2258 1099 2317 maxime
1122 2275 1192 2317 cum
1213 2260 1327 2335 ingens

358 2369 383 2410 15
396 2356 557 2413 hominum
591 2356 683 2413 turba
715 2354 807 2413 hodie
841 2355 874 2412 in
914 2355 996 2412 hanc
1037 2354 1146 2413 aedem
1181 2354 1327 2423 confluat,

397 2452 564 2525 propterea
584 2451 666 2524 quod
697 2450 862 2509 sacrificus
883 2450 1010 2524 quidam
1040 2466 1142 2524 nuper
1166 2450 1199 2508 in
1225 2467 1328 2510 sacer·

398 2545 505 2605 dotum
527 2546 667 2604 ordinem
688 2547 871 2620 assumptus
893 2545 1028 2619 primum
1049 2561 1139 2604 sacra
1159 2544 1261 2604 faciet.

358 2646 420 2699 [Btbl
482 2640 719 2699 Laurentius
760 2640 798 2697 Et
819 2640 896 2697 mihi
914 2640 1027 2698 mirum
1046 2641 1179 2706 videtur,
1199 2639 1202 2716 t
1221 2658 1327 2715 quam-

398 2752 501 2810 quam,
533 2736 615 2809 quod
646 2736 685 2794 ad
716 2751 766 2793 me
797 2736 919 2802 attinet,
954 2734 1067 2793 vellem
1102 2736 1204 2793 contio
1235 2753 1328 2811 quam

357 2846 384 2887 20
397 2831 585 2889 brevissima
599 2831 776 2890 haberetur.
812 2829 935 2889 Etenim
954 2830 1017 2888 iam
1031 2846 1114 2888 nunc
1128 2830 1330 2890 vehementer

402 2928 505 2985 esurio
526 2926 661 2985 biduano
681 2927 744 2984 iam
763 2942 865 3000 paene
886 2926 1001 2984 ieiunio
1023 2927 1210 2984 maceratus.
1250 2927 1329 2986 Nam

401 3021 450 3079 his
472 3021 589 3089 diebus,
621 3021 733 3095 quibus
754 3038 773 3079 a
794 3020 939 3079 carnibus
961 3020 1143 3089 abstinetur,
1169 3038 1329 3097 nunquam

401 3118 479 3175 abeo
500 3117 586 3174 recte
606 3118 775 3175 saturatus,

479 3210 704 3286 Stephanus,
744 3211 831 3269 Duas
843 3212 945 3270 adhuc
959 3210 1054 3269 horas
1069 3212 1182 3270 edendi
1197 3212 1329 3271 aviditas

357 3320 384 3362 25
398 3306 454 3364 tibi
485 3308 534 3365 est
564 3307 771 3380 reprimenda,
803 3306 958 3380 siquidem
988 3308 1113 3381 praeter
1143 3307 1328 3375 contionem,

398 3418 479 3476 quae
493 3402 602 3460 horam
615 3402 725 3475 poscit,
748 3401 810 3460 scis
826 3405 978 3475 quantum
997 3401 1145 3475 temporis
1161 3402 1193 3459 in
1207 3418 1329 3460 summo

398 3497 550 3556 sacrificio
572 3497 720 3555 choraula
750 3497 811 3554 sibi
832 3498 946 3565 sumat,
979 3513 1072 3570 quam
1104 3497 1198 3554 etiam
1228 3513 1329 3570 paene

398 3595 549 3667 superant
560 3594 619 3651 hae
631 3594 758 3651 nostrae
770 3591 931 3650 cantiones
945 3608 1041 3666 supra
1052 3591 1330 3665 modumprolixae.

475 3687 709 3746 Laurentius.
749 3687 830 3745 Male
852 3688 894 3745 sit
914 3688 993 3754 istis,
1020 3687 1072 3762 qui
1093 3686 1205 3745 harum
1226 3703 1330 3745 rerum

357 3796 385 3837 ao
398 3782 487 3841 nobis
502 3783 576 3841 sunt
590 3780 748 3842 auctores!
780 3782 849 3857 Ipse
865 3788 949 3841 certe
964 3783 1080 3850 statim,
1102 3781 1155 3839 ubi
1169 3785 1330 3856 peractum

397 3876 491 3936 fuerit
512 3894 645 3945 sacrum,
677 3878 715 3937 ad
737 3877 869 3935 divitum
900 3877 981 3935 ostia
1012 3877 1106 3935 citato
1132 3876 1210 3935 adeo
1237 3893 1331 3934 cursu

402 3986 448 4029 Lat
463 3987 677 4030 Litteraturdenkm.
702 3987 732 4030 18.
1142 3988 1158 4041 2
