3409 4567
374 470 410 528 16
656 464 858 514 mosuiunnvs,
873 464 1070 509 PAEDOLOGIA.

423 652 460 710 ut
478 649 649 725 Augustini
678 648 792 708 iudicio
814 648 951 722 optimus
982 652 1075 723 poeta
1104 648 1221 707 teneris
1243 649 1373 707 animis·

424 744 542 805 infixus
572 746 605 804 in
626 761 752 804 omnem
775 759 877 817 usque
898 744 996 802 vitam
1016 743 1153 803 haereat.
1195 742 1242 801 hd
1267 743 1355 811 haec,

424 840 548 915 quando
568 856 680 916 parum
700 840 750 898 est
769 855 906 913 aequum
926 835 1120 898 Christianos
1138 838 1171 897 in
1191 838 1355 913 gentilium

424 936 512 995 libris
533 951 604 995 esse
625 935 716 1004 totos,
748 934 793 993 eis
815 934 935 1003 diebus,
967 934 1079 1008 quibus
1104 933 1200 992 ierias
1221 935 1354 1009 agimus.

397 1030 676 1106 selegantissimos
697 1029 792 1089 simul
813 1032 844 1088 et
864 1028 1068 1104 gravissimos
1090 1029 1224 1103 hymnos
1239 1028 1356 1087 Aurelii

424 1125 593 1194 Prudentii,
625 1126 733 1202 gravis
764 1127 796 1185 et
821 1125 925 1185 sancti
949 1126 1017 1194 viri,
1050 1126 1214 1186 audiemus
1234 1128 1297 1193 aut,
1329 1125 1356 1182 si

423 1220 457 1279 hi
486 1221 681 1296 displiceant,
729 1220 938 1283 ‘Enchiridion
969 1220 1075 1279 militis
1105 1217 1284 1280 Christiani’
1316 1221 1355 1278 ab

423 1315 552 1375 Erasmo
568 1315 776 1375 Roterodamo·
786 1317 1023 1375 accuratissime
1037 1316 1239 1375 elaboratum.
1271 1315 1356 1387 Quae

425 1412 461 1478 si,
491 1413 528 1470 ut
548 1428 649 1486 spero,
670 1412 703 1470 et
722 1428 778 1487 pro
800 1427 857 1470 suo
879 1409 982 1469 officio
1004 1410 1188 1486 explicarint
1209 1413 1356 1470 accurate

388 1520 414 1562 ιο
426 1510 650 1582 praeceptores
672 1508 704 1565 et
718 1523 775 1565 nos
790 1506 860 1582 pari
875 1506 1035 1580 diligentia
1049 1506 1273 1582 exceperimus,
1294 1522 1356 1564 non

425 1602 534 1676 opinor
554 1601 636 1660 male
657 1601 716 1660 hoc
738 1604 890 1660 semestre
911 1601 1002 1659 nobis
1022 1600 1088 1659 fore
1111 1601 1305 1659 collocatum.

502 1695 669 1778 Thomas.
711 1696 779 1755 Non
800 1696 916 1755 iniuria
934 1696 1019 1755 hunc
1039 1696 1171 1754 laudant
1191 1696 1354 1765 delectum,

424 1790 468 1849 mi
491 1790 693 1866 Hieronyme;
724 1807 826 1866 neque
858 1791 940 1850 enim
967 1807 1106 1865 unquam
1142 1806 1249 1849 eorum
1280 1792 1356 1852 mihi

424 1886 541 1960 placuit
560 1886 748 1954 institutum,
770 1886 822 1961 qui
842 1886 892 1945 his
914 1888 945 1945 et
965 1886 996 1944 id
1015 1902 1118 1961 genus
1139 1884 1208 1944 aliis
1229 1887 1355 1962 optimis

306 2054 309 2060 Ι
387 1993 412 2035 15
427 1982 632 2057 scriptoribus
653 1981 841 2056 posthabitis
862 1982 894 2039 in
916 1980 1055 2055 Apuleio,
1087 1977 1215 2055 Capella
1235 1985 1267 2041 et
1287 1984 1355 2042 eius

423 2075 544 2136 farinae
575 2077 755 2137 auctoribus
788 2078 902 2136 ceteris
923 2078 1021 2137 bonas
1047 2077 1141 2136 horas
1162 2076 1243 2136 male
1264 2078 1354 2138 collo·

385 2184 446 2238 [nra]
484 2172 565 2239 cant,
588 2172 640 2245 qui
659 2173 664 2243 l
682 2172 851 2247 scriptores
875 2171 1077 2231 Ciceroniana
1097 2173 1275 2246 eloquentia
1294 2191 1357 2233 non

425 2266 564 2325 contenti
575 2267 635 2326 sibi
647 2267 722 2326 solis
733 2263 850 2326 novam
861 2267 983 2326 dicendi
994 2268 1147 2326 rationem
1158 2268 1354 2337 invenerunt,

425 2361 515 2434 quasi
537 2377 599 2419 non
621 2378 779 2421 summum
801 2363 843 2420 sit
864 2362 1013 2422 orationis
1034 2362 1145 2420 vitium
1165 2369 1356 2423 acommuni

383 2468 410 2510 ao
423 2455 546 2514 dicendi
568 2457 794 2516 consuetudine
814 2456 991 2516 abhorrere.
1027 2456 1110 2521 Nam
1132 2457 1185 2531 qui
1206 2458 1284 2518 citra
1305 2460 1354 2519 do·

423 2549 538 2609 lectum
570 2549 716 2619 Catullus,
748 2551 895 2621 Tibullus,
927 2551 1086 2611 Martiales
1118 2554 1149 2611 et
1178 2552 1357 2613 huiusmodi

423 2648 571 2710 enarrant
601 2647 632 2705 et
662 2662 719 2721 per
739 2646 798 2706 boc
820 2647 990 2722 discipulos
1011 2647 1179 2722 peregrina
1202 2649 1234 2706 et
1253 2651 1355 2723 prodi-

421 2741 512 2816 giosa
526 2741 638 2800 docent
651 2742 736 2811 vitia,
757 2742 790 2801 hi
803 2742 881 2802 mihi
895 2759 958 2801 non
972 2742 1086 2811 verbis,
1102 2742 1158 2801 sed
1172 2744 1355 2803 verberibus

425 2837 589 2895 coercendi
610 2838 765 2896 videntur.
807 2838 845 2897 Hi
871 2839 952 2897 enim
976 2841 1050 2896 sunt
1070 2838 1114 2896 illi
1133 2840 1254 2912 poetae,
1277 2855 1355 2913 quos

384 2944 411 2986 25
426 2932 508 2990 solos
530 2949 547 2991 o
562 2933 734 3008 republica
751 2950 809 2992 sua
823 2933 984 3008 pellendos
1000 2934 1111 2992 statuit
1124 2933 1220 2993 Plato.
1252 2933 1354 3009 Atque

422 3025 500 3085 haec
521 3043 583 3085 non
605 3044 644 3086 ex
664 3044 714 3087 me
735 3028 811 3096 dico,
834 3028 890 3086 sed
912 3027 993 3101 quod
1014 3028 1060 3086 sic
1082 3030 1247 3087 censentes
1269 3030 1353 3087 audi-

422 3122 520 3179 verim
542 3123 737 3182 doctissimos
768 3125 886 3200 pariter
917 3126 949 3183 et
968 3124 1188 3200 integerrimos
1215 3124 1308 3183 viros.

500 3216 758 3293 Hieronymus,
810 3218 904 3278 Recte
936 3235 1010 3295 ergo
1041 3219 1118 3279 facit
1148 3219 1213 3278 ludi
1248 3221 1355 3279 noster

422 3312 581 3385 magister,
594 3315 646 3387 qui
658 3314 810 3373 eiusmodi
825 3314 903 3373 nihil
917 3315 949 3372 in
961 3314 1102 3373 scholam
1114 3331 1204 3373 suam
1215 3314 1352 3389 irrepere

381 3418 408 3461 eo
422 3405 504 3464 sinit.
545 3406 607 3467 Sed
628 3425 686 3484 ego
708 3410 769 3467 iam
790 3412 877 3469 recta
897 3409 970 3468 hinc
992 3411 1024 3467 in
1048 3410 1260 3484 bibliopolium
1282 3426 1352 3468 con·

422 3501 530 3560 cedam
551 3503 656 3570 libros,
679 3504 716 3562 de
739 3504 852 3577 quibus
874 3505 945 3571 dixi,
968 3505 1177 3578 coempturus.

499 3596 664 3658 Thomas
700 3598 811 3657 Nostin
826 3599 935 3672 quanti
945 3599 1024 3657 haec
1036 3598 1129 3656 simul
1142 3599 1202 3657 emi
1213 3596 1353 3673 possint?

497 3690 752 3768 Hieronymus.
794 3693 959 3752 Hauddum
978 3693 1114 3751 licitatus
1134 3709 1219 3765 sum;
1245 3694 1354 3768 opinor

421 3798 515 3844 aureo
547 3804 684 3855 nummo,
715 3787 871 3862 siquidem
907 3788 998 3845 audio
1030 3788 1160 3847 indicari
1194 3789 1353 3863 argenteis

380 3895 408 3937 as
421 3882 532 3957 viginti
553 3885 706 3957 quattuor.
