<?xml version="1.0" encoding="UTF-8"?>
<!DOCTYPE html PUBLIC "-//W3C//DTD XHTML 1.0 Transitional//EN"
    "http://www.w3.org/TR/xhtml1/DTD/xhtml1-transitional.dtd">
<html xmlns="http://www.w3.org/1999/xhtml" xml:lang="en" lang="en">
 <head>
  <title>
</title>
<meta http-equiv="Content-Type" content="text/html;charset=utf-8" />
  <meta name='ocr-system' content='tesseract 3.04.00' />
  <meta name='ocr-capabilities' content='ocr_page ocr_carea ocr_par ocr_line ocrx_word'/>
</head>
<body>
  <div class='ocr_page' id='page_1' title='image "./petrvsmosellanv00schagoog_0066.png"; bbox 0 0 3409 4567; ppageno 0'>
   <div class='ocr_carea' id='block_1_1' title="bbox 371 458 1076 519">
    <p class='ocr_par' dir='ltr' id='par_1_1' title="bbox 371 458 1076 519">
     <span class='ocr_line' id='line_1_1' title="bbox 371 458 1076 519; baseline -0.001 -17"><span class='ocrx_word' id='word_1_1' title='bbox 371 463 388 519; x_wconf 81' lang='grc'><strong>6</strong></span> <span class='ocrx_word' id='word_1_2' title='bbox 657 458 861 508; x_wconf 83' lang='lat' dir='ltr'>MOSELLANVS,</span> <span class='ocrx_word' id='word_1_3' title='bbox 877 458 1076 502; x_wconf 75' lang='lat' dir='ltr'><strong>PABDOLOGIA.</strong></span> 
     </span>
    </p>
   </div>
   <div class='ocr_carea' id='block_1_2' title="bbox 382 643 1356 3953">
    <p class='ocr_par' dir='ltr' id='par_1_2' title="bbox 419 643 1354 1003">
     <span class='ocr_line' id='line_1_2' title="bbox 420 643 1353 719; baseline -0.001 -17"><span class='ocrx_word' id='word_1_4' title='bbox 420 644 597 711; x_wconf 85' lang='lat' dir='ltr'><strong>iunxerunt,</strong></span> <span class='ocrx_word' id='word_1_5' title='bbox 629 644 717 702; x_wconf 92' lang='lat' dir='ltr'><strong>vultu</strong></span> <span class='ocrx_word' id='word_1_6' title='bbox 749 644 845 702; x_wconf 90' lang='lat' dir='ltr'><strong>alacri</strong></span> <span class='ocrx_word' id='word_1_7' title='bbox 877 646 908 703; x_wconf 92' lang='lat' dir='ltr'><strong>et</strong></span> <span class='ocrx_word' id='word_1_8' title='bbox 937 643 1051 701; x_wconf 84' lang='lat' dir='ltr'><strong>festivo</strong></span> <span class='ocrx_word' id='word_1_9' title='bbox 1073 644 1147 701; x_wconf 93' lang='lat' dir='ltr'><strong>mihi</strong></span> <span class='ocrx_word' id='word_1_10' title='bbox 1174 660 1298 719; x_wconf 92' lang='lat' dir='ltr'><strong>semper</strong></span> <span class='ocrx_word' id='word_1_11' title='bbox 1318 661 1353 702; x_wconf 90' lang='lat' dir='ltr'><strong>es</strong></span> 
     </span>
     <span class='ocr_line' id='line_1_3' title="bbox 419 739 1354 813; baseline 0.001 -16"><span class='ocrx_word' id='word_1_12' title='bbox 419 739 516 804; x_wconf 85' lang='lat' dir='ltr'><strong>visus.</strong></span> <span class='ocrx_word' id='word_1_13' title='bbox 557 742 593 797; x_wconf 93' lang='lat' dir='ltr'><strong>ut</strong></span> <span class='ocrx_word' id='word_1_14' title='bbox 627 756 664 798; x_wconf 85' lang='lat' dir='ltr'><strong>ex</strong></span> <span class='ocrx_word' id='word_1_15' title='bbox 698 740 755 806; x_wconf 82' lang='lat' dir='ltr'><strong>hie,</strong></span> <span class='ocrx_word' id='word_1_16' title='bbox 798 757 875 813; x_wconf 93' lang='lat' dir='ltr'><strong>quos</strong></span> <span class='ocrx_word' id='word_1_17' title='bbox 907 739 957 797; x_wconf 91' lang='lat' dir='ltr'><strong>hic</strong></span> <span class='ocrx_word' id='word_1_18' title='bbox 987 739 1082 797; x_wconf 92' lang='lat' dir='ltr'><strong>habet</strong></span> <span class='ocrx_word' id='word_1_19' title='bbox 1115 740 1216 808; x_wconf 73' lang='lat' dir='ltr'><strong>ludus</strong></span> <span class='ocrx_word' id='word_1_20' title='bbox 1259 740 1354 799; x_wconf 87' lang='lat' dir='ltr'><strong>fuerit</strong></span> 
     </span>
     <span class='ocr_line' id='line_1_4' title="bbox 420 835 1353 909; baseline 0.001 -16"><span class='ocrx_word' id='word_1_21' title='bbox 420 852 521 903; x_wconf 89' lang='lat' dir='ltr'><strong>neme,</strong></span> <span class='ocrx_word' id='word_1_22' title='bbox 544 835 596 908; x_wconf 95' lang='lat' dir='ltr'><strong>qui</strong></span> <span class='ocrx_word' id='word_1_23' title='bbox 612 852 674 893; x_wconf 92' lang='lat' dir='ltr'><strong>non</strong></span> <span class='ocrx_word' id='word_1_24' title='bbox 689 837 720 893; x_wconf 93' lang='lat' dir='ltr'><strong>te</strong></span> <span class='ocrx_word' id='word_1_25' title='bbox 734 835 930 893; x_wconf 80' lang='lat' dir='ltr'><strong>familiariter</strong></span> <span class='ocrx_word' id='word_1_26' title='bbox 944 835 990 893; x_wconf 90' lang='lat' dir='ltr'><strong>uti</strong></span> <span class='ocrx_word' id='word_1_27' title='bbox 1005 835 1227 909; x_wconf 88' lang='lat' dir='ltr'><strong>concupiverit.</strong></span> <span class='ocrx_word' id='word_1_28' title='bbox 1263 836 1353 894; x_wconf 91' lang='lat' dir='ltr'><strong>Nunc</strong></span> 
     </span>
     <span class='ocr_line' id='line_1_5' title="bbox 420 929 948 1003; baseline -0.006 -15"><span class='ocrx_word' id='word_1_29' title='bbox 420 929 526 989; x_wconf 88' lang='lat' dir='ltr'><strong>nescio</strong></span> <span class='ocrx_word' id='word_1_30' title='bbox 547 930 700 1003; x_wconf 89' lang='lat' dir='ltr'><strong>quomodo</strong></span> <span class='ocrx_word' id='word_1_31' title='bbox 721 930 801 988; x_wconf 91' lang='lat' dir='ltr'><strong>alius</strong></span> <span class='ocrx_word' id='word_1_32' title='bbox 823 929 948 988; x_wconf 91' lang='lat' dir='ltr'><strong>videris.</strong></span> 
     </span>
    </p>

    <p class='ocr_par' dir='ltr' id='par_1_3' title="bbox 393 1023 1354 1368">
     <span class='ocr_line' id='line_1_6' title="bbox 393 1023 1351 1092; baseline 0.002 -11"><span class='ocrx_word' id='word_1_33' title='bbox 393 1040 406 1082; x_wconf 87' lang='lat'>5</span> <span class='ocrx_word' id='word_1_34' title='bbox 498 1023 641 1083; x_wconf 92' lang='lat' dir='ltr'><strong>Petrus.</strong></span> <span class='ocrx_word' id='word_1_35' title='bbox 683 1024 721 1083; x_wconf 80' lang='lat' dir='ltr'><strong>ut</strong></span> <span class='ocrx_word' id='word_1_36' title='bbox 741 1025 853 1083; x_wconf 92' lang='lat' dir='ltr'><strong>mirum</strong></span> <span class='ocrx_word' id='word_1_37' title='bbox 882 1025 937 1083; x_wconf 87' lang='lat' dir='ltr'><strong>tibi</strong></span> <span class='ocrx_word' id='word_1_38' title='bbox 958 1025 1091 1092; x_wconf 88' lang='lat' dir='ltr'><strong>videtur,</strong></span> <span class='ocrx_word' id='word_1_39' title='bbox 1120 1025 1147 1083; x_wconf 91' lang='lat' dir='ltr'><strong>si</strong></span> <span class='ocrx_word' id='word_1_40' title='bbox 1169 1026 1257 1084; x_wconf 89' lang='lat' dir='ltr'><strong>vultu</strong></span> <span class='ocrx_word' id='word_1_41' title='bbox 1283 1042 1351 1084; x_wconf 90' lang='lat' dir='ltr'><strong>sum</strong></span> 
     </span>
     <span class='ocr_line' id='line_1_7' title="bbox 421 1119 1353 1195; baseline 0 -17"><span class='ocrx_word' id='word_1_42' title='bbox 421 1120 511 1186; x_wconf 89' lang='lat' dir='ltr'><strong>tristi,</strong></span> <span class='ocrx_word' id='word_1_43' title='bbox 543 1136 613 1177; x_wconf 91' lang='lat' dir='ltr'><strong>cum</strong></span> <span class='ocrx_word' id='word_1_44' title='bbox 645 1120 798 1178; x_wconf 90' lang='lat' dir='ltr'><strong>eiusmodi</strong></span> <span class='ocrx_word' id='word_1_45' title='bbox 829 1119 976 1194; x_wconf 78' lang='lat' dir='ltr'><strong>quiddam</strong></span> <span class='ocrx_word' id='word_1_46' title='bbox 1007 1120 1083 1177; x_wconf 92' lang='lat' dir='ltr'><strong>mibi</strong></span> <span class='ocrx_word' id='word_1_47' title='bbox 1106 1121 1235 1188; x_wconf 90' lang='lat' dir='ltr'><strong>accidat,</strong></span> <span class='ocrx_word' id='word_1_48' title='bbox 1271 1121 1353 1195; x_wconf 94' lang='lat' dir='ltr'><strong>quod</strong></span> 
     </span>
     <span class='ocr_line' id='line_1_8' title="bbox 420 1215 1354 1289; baseline 0.001 -17"><span class='ocrx_word' id='word_1_49' title='bbox 420 1215 594 1273; x_wconf 87' lang='lat' dir='ltr'><strong>studiorum</strong></span> <span class='ocrx_word' id='word_1_50' title='bbox 615 1231 754 1273; x_wconf 91' lang='lat' dir='ltr'><strong>meorum</strong></span> <span class='ocrx_word' id='word_1_51' title='bbox 787 1230 992 1289; x_wconf 89' lang='lat' dir='ltr'><strong>progressum</strong></span> <span class='ocrx_word' id='word_1_52' title='bbox 1013 1231 1086 1272; x_wconf 76' lang='lat' dir='ltr'><strong>&#39;non</strong></span> <span class='ocrx_word' id='word_1_53' title='bbox 1117 1231 1228 1288; x_wconf 92' lang='lat' dir='ltr'><strong>parum</strong></span> <span class='ocrx_word' id='word_1_54' title='bbox 1259 1218 1354 1289; x_wconf 89' lang='lat' dir='ltr'><strong>queat</strong></span> 
     </span>
     <span class='ocr_line' id='line_1_9' title="bbox 420 1310 589 1368; baseline -0.006 0"><span class='ocrx_word' id='word_1_55' title='bbox 420 1310 589 1368; x_wconf 74' lang='lat' dir='ltr'><strong>remorari?</strong></span> 
     </span>
    </p>

    <p class='ocr_par' dir='ltr' id='par_1_4' title="bbox 498 1400 1351 1488">
     <span class='ocr_line' id='line_1_10' title="bbox 498 1400 1351 1488; baseline -0.002 -25"><span class='ocrx_word' id='word_1_56' title='bbox 498 1403 643 1488; x_wconf 88' lang='lat' dir='ltr'><strong>Paulus.</strong></span> <span class='ocrx_word' id='word_1_57' title='bbox 685 1403 764 1475; x_wconf 84' lang='lat' dir='ltr'><strong>Quid</strong></span> <span class='ocrx_word' id='word_1_58' title='bbox 783 1404 868 1472; x_wconf 93' lang='lat' dir='ltr'><strong>illud,</strong></span> <span class='ocrx_word' id='word_1_59' title='bbox 892 1400 1028 1478; x_wconf 73' lang='lat' dir='ltr'><strong>quaeso?</strong></span> <span class='ocrx_word' id='word_1_60' title='bbox 1074 1403 1152 1463; x_wconf 87' lang='lat' dir='ltr'><strong>Nam</strong></span> <span class='ocrx_word' id='word_1_61' title='bbox 1176 1420 1273 1479; x_wconf 87' lang='lat' dir='ltr'><strong>grave</strong></span> <span class='ocrx_word' id='word_1_62' title='bbox 1299 1405 1351 1463; x_wconf 91' lang='lat' dir='ltr'><strong>ali·</strong></span> 
     </span>
    </p>

    <p class='ocr_par' dir='ltr' id='par_1_5' title="bbox 383 1501 1352 1656">
     <span class='ocr_line' id='line_1_11' title="bbox 383 1501 1352 1575; baseline 0 -17"><span class='ocrx_word' id='word_1_63' title='bbox 383 1501 495 1575; x_wconf 87' lang='lat' dir='ltr'><strong>mquid</strong></span> <span class='ocrx_word' id='word_1_64' title='bbox 516 1502 558 1559; x_wconf 88' lang='lat' dir='ltr'><strong>sit</strong></span> <span class='ocrx_word' id='word_1_65' title='bbox 577 1502 707 1575; x_wconf 89' lang='lat' dir='ltr'><strong>opertet,</strong></span> <span class='ocrx_word' id='word_1_66' title='bbox 739 1501 821 1575; x_wconf 92' lang='lat' dir='ltr'><strong>quod</strong></span> <span class='ocrx_word' id='word_1_67' title='bbox 851 1501 882 1559; x_wconf 90' lang='lat' dir='ltr'><strong>te</strong></span> <span class='ocrx_word' id='word_1_68' title='bbox 904 1501 1138 1561; x_wconf 79' lang='lat' dir='ltr'><strong>adulescentem</strong></span> <span class='ocrx_word' id='word_1_69' title='bbox 1159 1502 1352 1559; x_wconf 81' lang='lat' dir='ltr'><strong>constantem</strong></span> 
     </span>
     <span class='ocr_line' id='line_1_12' title="bbox 422 1596 737 1656; baseline -0.01 -1"><span class='ocrx_word' id='word_1_70' title='bbox 422 1613 442 1655; x_wconf 85' lang='lat' dir='ltr'><strong>a</strong></span> <span class='ocrx_word' id='word_1_71' title='bbox 462 1596 575 1654; x_wconf 90' lang='lat' dir='ltr'><strong>studiis</strong></span> <span class='ocrx_word' id='word_1_72' title='bbox 597 1596 737 1656; x_wconf 89' lang='lat' dir='ltr'><strong>deducat.</strong></span> 
     </span>
    </p>

    <p class='ocr_par' dir='ltr' id='par_1_6' title="bbox 422 1690 1353 1957">
     <span class='ocr_line' id='line_1_13' title="bbox 498 1690 1352 1767; baseline -0.001 -18"><span class='ocrx_word' id='word_1_73' title='bbox 498 1690 643 1750; x_wconf 91' lang='lat' dir='ltr'><strong>Petrus.</strong></span> <span class='ocrx_word' id='word_1_74' title='bbox 684 1691 793 1749; x_wconf 90' lang='lat' dir='ltr'><strong>Dicam</strong></span> <span class='ocrx_word' id='word_1_75' title='bbox 814 1693 934 1767; x_wconf 81' lang='lat' dir='ltr'><strong>paucis.</strong></span> <span class='ocrx_word' id='word_1_76' title='bbox 975 1692 1039 1750; x_wconf 90' lang='lat' dir='ltr'><strong>lam</strong></span> <span class='ocrx_word' id='word_1_77' title='bbox 1060 1708 1162 1750; x_wconf 89' lang='lat' dir='ltr'><strong>annus</strong></span> <span class='ocrx_word' id='word_1_78' title='bbox 1177 1690 1275 1749; x_wconf 86' lang='lat' dir='ltr'><strong>ferme</strong></span> <span class='ocrx_word' id='word_1_79' title='bbox 1296 1694 1352 1760; x_wconf 89' lang='lat' dir='ltr'><strong>est,</strong></span> 
     </span>
     <span class='ocr_line' id='line_1_14' title="bbox 422 1782 1352 1861; baseline -0.002 -16"><span class='ocrx_word' id='word_1_80' title='bbox 422 1803 459 1845; x_wconf 85' lang='lat' dir='ltr'><strong>ex</strong></span> <span class='ocrx_word' id='word_1_81' title='bbox 481 1804 540 1861; x_wconf 91' lang='lat' dir='ltr'><strong>quo</strong></span> <span class='ocrx_word' id='word_1_82' title='bbox 561 1786 626 1845; x_wconf 94' lang='lat' dir='ltr'><strong>ludi</strong></span> <span class='ocrx_word' id='word_1_83' title='bbox 645 1786 739 1845; x_wconf 90' lang='lat' dir='ltr'><strong>huius</strong></span> <span class='ocrx_word' id='word_1_84' title='bbox 761 1788 859 1845; x_wconf 91' lang='lat' dir='ltr'><strong>nostri</strong></span> <span class='ocrx_word' id='word_1_85' title='bbox 882 1782 1062 1845; x_wconf 87' lang='lat' dir='ltr'><strong>celebritate</strong></span> <span class='ocrx_word' id='word_1_86' title='bbox 1089 1786 1209 1845; x_wconf 86' lang='lat' dir='ltr'><strong>excitus</strong></span> <span class='ocrx_word' id='word_1_87' title='bbox 1231 1786 1292 1845; x_wconf 92' lang='lat' dir='ltr'><strong>huc</strong></span> <span class='ocrx_word' id='word_1_88' title='bbox 1313 1786 1352 1844; x_wconf 91' lang='lat' dir='ltr'><strong>ad</strong></span> 
     </span>
     <span class='ocr_line' id='line_1_15' title="bbox 422 1882 1353 1957; baseline -0.001 -17"><span class='ocrx_word' id='word_1_89' title='bbox 422 1882 608 1956; x_wconf 88' lang='lat' dir='ltr'><strong>capiendum</strong></span> <span class='ocrx_word' id='word_1_90' title='bbox 638 1882 757 1957; x_wconf 91' lang='lat' dir='ltr'><strong>ingenii</strong></span> <span class='ocrx_word' id='word_1_91' title='bbox 793 1882 911 1941; x_wconf 91' lang='lat' dir='ltr'><strong>cultum</strong></span> <span class='ocrx_word' id='word_1_92' title='bbox 937 1882 1090 1953; x_wconf 82' lang='lat' dir='ltr'><strong>concessi3</strong></span> <span class='ocrx_word' id='word_1_93' title='bbox 1122 1898 1182 1955; x_wconf 95' lang='lat' dir='ltr'><strong>quo</strong></span> <span class='ocrx_word' id='word_1_94' title='bbox 1213 1883 1353 1956; x_wconf 90' lang='lat' dir='ltr'><strong>tempore</strong></span> 
     </span>
    </p>

    <p class='ocr_par' dir='ltr' id='par_1_7' title="bbox 384 1976 1353 2432">
     <span class='ocr_line' id='line_1_16' title="bbox 384 1976 1353 2043; baseline 0.001 -11"><span class='ocrx_word' id='word_1_95' title='bbox 384 1990 409 2032; x_wconf 87' lang='lat'><strong>15</strong></span> <span class='ocrx_word' id='word_1_96' title='bbox 422 1977 596 2036; x_wconf 89' lang='lat' dir='ltr'><strong>studiorum</strong></span> <span class='ocrx_word' id='word_1_97' title='bbox 616 1994 755 2037; x_wconf 91' lang='lat' dir='ltr'><strong>meorum</strong></span> <span class='ocrx_word' id='word_1_98' title='bbox 785 1977 838 2036; x_wconf 86' lang='lat' dir='ltr'><strong>vix</strong></span> <span class='ocrx_word' id='word_1_99' title='bbox 858 1977 1011 2037; x_wconf 90' lang='lat' dir='ltr'><strong>rationem</strong></span> <span class='ocrx_word' id='word_1_100' title='bbox 1031 1978 1146 2043; x_wconf 87' lang='lat' dir='ltr'><strong>inveni,</strong></span> <span class='ocrx_word' id='word_1_101' title='bbox 1182 1987 1251 2034; x_wconf 89' lang='lat' dir='ltr'><strong>cum</strong></span> <span class='ocrx_word' id='word_1_102' title='bbox 1277 1976 1353 2034; x_wconf 91' lang='lat' dir='ltr'><strong>mihi</strong></span> 
     </span>
     <span class='ocr_line' id='line_1_17' title="bbox 423 2072 1352 2148; baseline -0.002 -17"><span class='ocrx_word' id='word_1_103' title='bbox 423 2089 440 2131; x_wconf 94' lang='lat' dir='ltr'><strong>e</strong></span> <span class='ocrx_word' id='word_1_104' title='bbox 460 2073 562 2146; x_wconf 89' lang='lat' dir='ltr'><strong>patria</strong></span> <span class='ocrx_word' id='word_1_105' title='bbox 582 2073 759 2132; x_wconf 84' lang='lat' dir='ltr'><strong>offeruntur</strong></span> <span class='ocrx_word' id='word_1_106' title='bbox 779 2073 909 2143; x_wconf 86' lang='lat' dir='ltr'><strong>litterae,</strong></span> <span class='ocrx_word' id='word_1_107' title='bbox 937 2090 1016 2148; x_wconf 89' lang='lat' dir='ltr'><strong>quae</strong></span> <span class='ocrx_word' id='word_1_108' title='bbox 1041 2090 1092 2132; x_wconf 91' lang='lat' dir='ltr'><strong>me</strong></span> <span class='ocrx_word' id='word_1_109' title='bbox 1117 2073 1242 2131; x_wconf 92' lang='lat' dir='ltr'><strong>domum</strong></span> <span class='ocrx_word' id='word_1_110' title='bbox 1263 2072 1352 2145; x_wconf 90' lang='lat' dir='ltr'><strong>quasi</strong></span> 
     </span>
     <span class='ocr_line' id='line_1_18' title="bbox 423 2166 1352 2242; baseline -0.003 -16"><span class='ocrx_word' id='word_1_111' title='bbox 423 2185 461 2226; x_wconf 86' lang='lat' dir='ltr'><strong>ex</strong></span> <span class='ocrx_word' id='word_1_112' title='bbox 491 2168 592 2227; x_wconf 90' lang='lat' dir='ltr'><strong>medio</strong></span> <span class='ocrx_word' id='word_1_113' title='bbox 624 2169 798 2226; x_wconf 87' lang='lat' dir='ltr'><strong>studiorum</strong></span> <span class='ocrx_word' id='word_1_114' title='bbox 825 2184 920 2227; x_wconf 91' lang='lat' dir='ltr'><strong>cursu</strong></span> <span class='ocrx_word' id='word_1_115' title='bbox 945 2169 1101 2228; x_wconf 91' lang='lat' dir='ltr'><strong>revocant.</strong></span> <span class='ocrx_word' id='word_1_116' title='bbox 1143 2166 1180 2225; x_wconf 84' lang='lat' dir='ltr'><strong>Et</strong></span> <span class='ocrx_word' id='word_1_117' title='bbox 1201 2167 1283 2242; x_wconf 90' lang='lat' dir='ltr'><strong>quod</strong></span> <span class='ocrx_word' id='word_1_118' title='bbox 1303 2183 1352 2224; x_wconf 93' lang='lat' dir='ltr'><strong>me</strong></span> 
     </span>
     <span class='ocr_line' id='line_1_19' title="bbox 423 2263 1352 2332; baseline -0.002 -12"><span class='ocrx_word' id='word_1_119' title='bbox 423 2263 562 2321; x_wconf 90' lang='lat' dir='ltr'><strong>omnium</strong></span> <span class='ocrx_word' id='word_1_120' title='bbox 592 2264 726 2321; x_wconf 86' lang='lat' dir='ltr'><strong>maxime</strong></span> <span class='ocrx_word' id='word_1_121' title='bbox 756 2264 837 2322; x_wconf 90' lang='lat' dir='ltr'><strong>male</strong></span> <span class='ocrx_word' id='word_1_122' title='bbox 863 2263 967 2332; x_wconf 88' lang='lat' dir='ltr'><strong>habet,</strong></span> <span class='ocrx_word' id='word_1_123' title='bbox 998 2264 1117 2322; x_wconf 91' lang='lat' dir='ltr'><strong>reditus</strong></span> <span class='ocrx_word' id='word_1_124' title='bbox 1148 2264 1208 2321; x_wconf 92' lang='lat' dir='ltr'><strong>mei</strong></span> <span class='ocrx_word' id='word_1_125' title='bbox 1240 2278 1352 2320; x_wconf 89' lang='lat' dir='ltr'><strong>causas</strong></span> 
     </span>
     <span class='ocr_line' id='line_1_20' title="bbox 423 2357 1353 2432; baseline -0.001 -17"><span class='ocrx_word' id='word_1_126' title='bbox 423 2374 485 2416; x_wconf 92' lang='lat' dir='ltr'><strong>non</strong></span> <span class='ocrx_word' id='word_1_127' title='bbox 507 2359 612 2417; x_wconf 91' lang='lat' dir='ltr'><strong>edunt.</strong></span> <span class='ocrx_word' id='word_1_128' title='bbox 654 2358 718 2416; x_wconf 92' lang='lat' dir='ltr'><strong>Nec</strong></span> <span class='ocrx_word' id='word_1_129' title='bbox 733 2359 814 2417; x_wconf 88' lang='lat' dir='ltr'><strong>scire</strong></span> <span class='ocrx_word' id='word_1_130' title='bbox 828 2375 966 2432; x_wconf 88' lang='lat' dir='ltr'><strong>possum,</strong></span> <span class='ocrx_word' id='word_1_131' title='bbox 989 2375 1029 2417; x_wconf 92' lang='lat' dir='ltr'><strong>an</strong></span> <span class='ocrx_word' id='word_1_132' title='bbox 1044 2359 1105 2417; x_wconf 91' lang='lat' dir='ltr'><strong>huc</strong></span> <span class='ocrx_word' id='word_1_133' title='bbox 1120 2359 1247 2418; x_wconf 91' lang='lat' dir='ltr'><strong>tandem</strong></span> <span class='ocrx_word' id='word_1_134' title='bbox 1261 2357 1353 2417; x_wconf 91' lang='lat' dir='ltr'><strong>liceat</strong></span> 
     </span>
    </p>

    <p class='ocr_par' dir='ltr' id='par_1_8' title="bbox 382 2452 601 2526">
     <span class='ocr_line' id='line_1_21' title="bbox 382 2452 601 2526; baseline 0.005 -18"><span class='ocrx_word' id='word_1_135' title='bbox 382 2466 410 2508; x_wconf 83' lang='lat'><strong>20</strong></span> <span class='ocrx_word' id='word_1_136' title='bbox 423 2452 601 2526; x_wconf 85' lang='lat' dir='ltr'><strong>remigrare.</strong></span> 
     </span>
    </p>

    <p class='ocr_par' dir='ltr' id='par_1_9' title="bbox 423 2545 1352 2700">
     <span class='ocr_line' id='line_1_22' title="bbox 501 2545 1352 2622; baseline 0.001 -17"><span class='ocrx_word' id='word_1_137' title='bbox 501 2546 648 2605; x_wconf 91' lang='lat' dir='ltr'><strong>Paulus.</strong></span> <span class='ocrx_word' id='word_1_138' title='bbox 694 2545 751 2617; x_wconf 85' lang='lat' dir='ltr'><strong>Qui</strong></span> <span class='ocrx_word' id='word_1_139' title='bbox 782 2545 854 2610; x_wconf 82' lang='lat' dir='ltr'><strong>sois,</strong></span> <span class='ocrx_word' id='word_1_140' title='bbox 886 2562 926 2604; x_wconf 89' lang='lat' dir='ltr'><strong>an</strong></span> <span class='ocrx_word' id='word_1_141' title='bbox 958 2546 997 2605; x_wconf 91' lang='lat' dir='ltr'><strong>ad</strong></span> <span class='ocrx_word' id='word_1_142' title='bbox 1028 2545 1185 2605; x_wconf 86' lang='lat' dir='ltr'><strong>fortunam</strong></span> <span class='ocrx_word' id='word_1_143' title='bbox 1217 2546 1352 2622; x_wconf 84' lang='lat' dir='ltr'><strong>aliquam</strong></span> 
     </span>
     <span class='ocr_line' id='line_1_23' title="bbox 423 2636 583 2700; baseline -0.013 -1"><span class='ocrx_word' id='word_1_144' title='bbox 423 2636 583 2700; x_wconf 73' lang='lat' dir='ltr'><strong>evoceris?</strong></span> 
     </span>
    </p>

    <p class='ocr_par' dir='ltr' id='par_1_10' title="bbox 384 2733 1351 2809">
     <span class='ocr_line' id='line_1_24' title="bbox 384 2733 1351 2809; baseline -0.001 -16"><span class='ocrx_word' id='word_1_145' title='bbox 384 2752 447 2806; x_wconf 76' lang='grc'><strong>[555]</strong></span> <span class='ocrx_word' id='word_1_146' title='bbox 495 2735 636 2795; x_wconf 89' lang='lat' dir='ltr'><strong>Petrus.</strong></span> <span class='ocrx_word' id='word_1_147' title='bbox 677 2733 768 2793; x_wconf 89' lang='lat' dir='ltr'><strong>Nulla</strong></span> <span class='ocrx_word' id='word_1_148' title='bbox 798 2734 873 2792; x_wconf 92' lang='lat' dir='ltr'><strong>mihi</strong></span> <span class='ocrx_word' id='word_1_149' title='bbox 904 2733 1030 2792; x_wconf 83' lang='lat' dir='ltr'><strong>fortuna</strong></span> <span class='ocrx_word' id='word_1_150' title='bbox 1054 2736 1158 2808; x_wconf 90' lang='lat' dir='ltr'><strong>potest</strong></span> <span class='ocrx_word' id='word_1_151' title='bbox 1189 2734 1324 2793; x_wconf 90' lang='lat' dir='ltr'><strong>incidere</strong></span> <span class='ocrx_word' id='word_1_152' title='bbox 1349 2740 1351 2809; x_wconf 73' lang='lat' dir='ltr'><strong>l</strong></span> 
     </span>
    </p>

    <p class='ocr_par' dir='ltr' id='par_1_11' title="bbox 382 2830 1290 2905">
     <span class='ocr_line' id='line_1_25' title="bbox 382 2830 1290 2905; baseline -0.001 -17"><span class='ocrx_word' id='word_1_153' title='bbox 382 2847 408 2889; x_wconf 83' lang='lat'><strong>25</strong></span> <span class='ocrx_word' id='word_1_154' title='bbox 422 2834 519 2897; x_wconf 89' lang='lat' dir='ltr'><strong>tanta,</strong></span> <span class='ocrx_word' id='word_1_155' title='bbox 542 2832 630 2890; x_wconf 92' lang='lat' dir='ltr'><strong>ouius</strong></span> <span class='ocrx_word' id='word_1_156' title='bbox 652 2833 797 2904; x_wconf 90' lang='lat' dir='ltr'><strong>respectu</strong></span> <span class='ocrx_word' id='word_1_157' title='bbox 818 2830 939 2889; x_wconf 87' lang='lat' dir='ltr'><strong>litteras</strong></span> <span class='ocrx_word' id='word_1_158' title='bbox 961 2846 1072 2904; x_wconf 91' lang='lat' dir='ltr'><strong>queam</strong></span> <span class='ocrx_word' id='word_1_159' title='bbox 1093 2830 1290 2905; x_wconf 88' lang='lat' dir='ltr'><strong>posthabere.</strong></span> 
     </span>
    </p>

    <p class='ocr_par' dir='ltr' id='par_1_12' title="bbox 500 2926 1267 3001">
     <span class='ocr_line' id='line_1_26' title="bbox 500 2926 1267 3001; baseline -0.004 -15"><span class='ocrx_word' id='word_1_160' title='bbox 500 2926 646 2986; x_wconf 91' lang='lat' dir='ltr'><strong>Paulus.</strong></span> <span class='ocrx_word' id='word_1_161' title='bbox 688 2926 729 2985; x_wconf 88' lang='lat' dir='ltr'><strong>At</strong></span> <span class='ocrx_word' id='word_1_162' title='bbox 748 2926 933 3001; x_wconf 88' lang='lat' dir='ltr'><strong>parentibus</strong></span> <span class='ocrx_word' id='word_1_163' title='bbox 955 2927 1004 2984; x_wconf 90' lang='lat' dir='ltr'><strong>est</strong></span> <span class='ocrx_word' id='word_1_164' title='bbox 1024 2926 1267 3001; x_wconf 90' lang='lat' dir='ltr'><strong>obsequendum.</strong></span> 
     </span>
    </p>

    <p class='ocr_par' dir='ltr' id='par_1_13' title="bbox 423 3022 1355 3289">
     <span class='ocr_line' id='line_1_27' title="bbox 501 3022 1355 3095; baseline -0.002 -14"><span class='ocrx_word' id='word_1_165' title='bbox 501 3022 641 3081; x_wconf 78' lang='lat' dir='ltr'><strong>Petrus,</strong></span> <span class='ocrx_word' id='word_1_166' title='bbox 683 3022 747 3080; x_wconf 91' lang='lat' dir='ltr'><strong>Hoc</strong></span> <span class='ocrx_word' id='word_1_167' title='bbox 768 3022 844 3080; x_wconf 91' lang='lat' dir='ltr'><strong>illud</strong></span> <span class='ocrx_word' id='word_1_168' title='bbox 865 3022 922 3090; x_wconf 90' lang='lat' dir='ltr'><strong>est,</strong></span> <span class='ocrx_word' id='word_1_169' title='bbox 954 3022 1037 3095; x_wconf 92' lang='lat' dir='ltr'><strong>quod</strong></span> <span class='ocrx_word' id='word_1_170' title='bbox 1057 3039 1106 3080; x_wconf 92' lang='lat' dir='ltr'><strong>me</strong></span> <span class='ocrx_word' id='word_1_171' title='bbox 1127 3024 1240 3088; x_wconf 89' lang='lat' dir='ltr'><strong>movet,</strong></span> <span class='ocrx_word' id='word_1_172' title='bbox 1272 3022 1355 3094; x_wconf 89' lang='lat' dir='ltr'><strong>quod</strong></span> 
     </span>
     <span class='ocr_line' id='line_1_28' title="bbox 423 3117 1354 3192; baseline -0.002 -15"><span class='ocrx_word' id='word_1_173' title='bbox 423 3136 473 3177; x_wconf 93' lang='lat' dir='ltr'><strong>me</strong></span> <span class='ocrx_word' id='word_1_174' title='bbox 504 3118 576 3176; x_wconf 93' lang='lat' dir='ltr'><strong>hinc</strong></span> <span class='ocrx_word' id='word_1_175' title='bbox 609 3119 735 3176; x_wconf 91' lang='lat' dir='ltr'><strong>domum</strong></span> <span class='ocrx_word' id='word_1_176' title='bbox 765 3118 910 3176; x_wconf 85' lang='lat' dir='ltr'><strong>extrudit.</strong></span> <span class='ocrx_word' id='word_1_177' title='bbox 965 3117 1097 3192; x_wconf 88' lang='lat' dir='ltr'><strong>Alioqui,</strong></span> <span class='ocrx_word' id='word_1_178' title='bbox 1132 3117 1257 3176; x_wconf 88' lang='lat' dir='ltr'><strong>tametsi</strong></span> <span class='ocrx_word' id='word_1_179' title='bbox 1292 3133 1354 3175; x_wconf 89' lang='lat' dir='ltr'><strong>non</strong></span> 
     </span>
     <span class='ocr_line' id='line_1_29' title="bbox 425 3212 1354 3289; baseline 0.001 -18"><span class='ocrx_word' id='word_1_180' title='bbox 425 3215 546 3272; x_wconf 88' lang='lat' dir='ltr'><strong>tantum</strong></span> <span class='ocrx_word' id='word_1_181' title='bbox 577 3217 626 3271; x_wconf 90' lang='lat' dir='ltr'><strong>est</strong></span> <span class='ocrx_word' id='word_1_182' title='bbox 656 3214 746 3281; x_wconf 76' lang='grc'><strong>55115,</strong></span> <span class='ocrx_word' id='word_1_183' title='bbox 780 3230 839 3289; x_wconf 92' lang='lat' dir='ltr'><strong>quo</strong></span> <span class='ocrx_word' id='word_1_184' title='bbox 872 3213 953 3271; x_wconf 89' lang='lat' dir='ltr'><strong>hanc</strong></span> <span class='ocrx_word' id='word_1_185' title='bbox 980 3212 1116 3271; x_wconf 89' lang='lat' dir='ltr'><strong>hiemem</strong></span> <span class='ocrx_word' id='word_1_186' title='bbox 1142 3212 1354 3272; x_wconf 91' lang='lat' dir='ltr'><strong>transmittere</strong></span> 
     </span>
    </p>

    <p class='ocr_par' dir='ltr' id='par_1_14' title="bbox 384 3308 1353 3478">
     <span class='ocr_line' id='line_1_30' title="bbox 384 3308 1353 3384; baseline -0.001 -18"><span class='ocrx_word' id='word_1_187' title='bbox 384 3323 410 3366; x_wconf 83' lang='lat' dir='ltr'><strong>ao</strong></span> <span class='ocrx_word' id='word_1_188' title='bbox 424 3326 545 3384; x_wconf 89' lang='lat' dir='ltr'><strong>queam,</strong></span> <span class='ocrx_word' id='word_1_189' title='bbox 568 3311 673 3367; x_wconf 90' lang='lat' dir='ltr'><strong>tamen</strong></span> <span class='ocrx_word' id='word_1_190' title='bbox 694 3325 770 3383; x_wconf 85' lang='lat' dir='ltr'><strong>prae</strong></span> <span class='ocrx_word' id='word_1_191' title='bbox 791 3308 965 3367; x_wconf 89' lang='lat' dir='ltr'><strong>studiorum</strong></span> <span class='ocrx_word' id='word_1_192' title='bbox 996 3325 1101 3368; x_wconf 92' lang='lat' dir='ltr'><strong>amore</strong></span> <span class='ocrx_word' id='word_1_193' title='bbox 1126 3308 1243 3366; x_wconf 86' lang='lat' dir='ltr'><strong>victum</strong></span> <span class='ocrx_word' id='word_1_194' title='bbox 1269 3324 1353 3366; x_wconf 90' lang='lat' dir='ltr'><strong>men·</strong></span> 
     </span>
     <span class='ocr_line' id='line_1_31' title="bbox 423 3404 971 3478; baseline 0 -16"><span class='ocrx_word' id='word_1_195' title='bbox 423 3404 554 3462; x_wconf 92' lang='lat' dir='ltr'><strong>dicando</strong></span> <span class='ocrx_word' id='word_1_196' title='bbox 576 3404 712 3461; x_wconf 90' lang='lat' dir='ltr'><strong>ostiatim</strong></span> <span class='ocrx_word' id='word_1_197' title='bbox 734 3404 971 3478; x_wconf 87' lang='lat' dir='ltr'><strong>quaeritassem.</strong></span> 
     </span>
    </p>

    <p class='ocr_par' dir='ltr' id='par_1_15' title="bbox 423 3498 1355 3669">
     <span class='ocr_line' id='line_1_32' title="bbox 501 3498 1355 3574; baseline -0.001 -18"><span class='ocrx_word' id='word_1_198' title='bbox 501 3498 647 3557; x_wconf 87' lang='lat' dir='ltr'><strong>Paulus</strong></span> <span class='ocrx_word' id='word_1_199' title='bbox 688 3498 758 3557; x_wconf 92' lang='lat' dir='ltr'><strong>Non</strong></span> <span class='ocrx_word' id='word_1_200' title='bbox 779 3502 948 3574; x_wconf 86' lang='lat' dir='ltr'><strong>antequam</strong></span> <span class='ocrx_word' id='word_1_201' title='bbox 974 3499 1046 3557; x_wconf 93' lang='lat' dir='ltr'><strong>hino</strong></span> <span class='ocrx_word' id='word_1_202' title='bbox 1074 3500 1168 3557; x_wconf 92' lang='lat' dir='ltr'><strong>abeas</strong></span> <span class='ocrx_word' id='word_1_203' title='bbox 1195 3514 1355 3572; x_wconf 88' lang='lat' dir='ltr'><strong>nunquam</strong></span> 
     </span>
     <span class='ocr_line' id='line_1_33' title="bbox 423 3589 1325 3669; baseline -0.001 -18"><span class='ocrx_word' id='word_1_204' title='bbox 423 3594 530 3653; x_wconf 86' lang='lat' dir='ltr'><strong>forsan</strong></span> <span class='ocrx_word' id='word_1_205' title='bbox 552 3595 717 3662; x_wconf 73' lang='lat' dir='ltr'><strong>rediturus</strong></span> <span class='ocrx_word' id='word_1_206' title='bbox 739 3594 916 3653; x_wconf 91' lang='lat' dir='ltr'><strong>convivium</strong></span> <span class='ocrx_word' id='word_1_207' title='bbox 936 3594 1018 3653; x_wconf 92' lang='lat' dir='ltr'><strong>inter</strong></span> <span class='ocrx_word' id='word_1_208' title='bbox 1039 3611 1096 3653; x_wconf 88' lang='lat' dir='ltr'><strong>nos</strong></span> <span class='ocrx_word' id='word_1_209' title='bbox 1117 3589 1325 3669; x_wconf 68' lang='lat' dir='ltr'><strong>agitabimus?</strong></span> 
     </span>
    </p>

    <p class='ocr_par' dir='ltr' id='par_1_16' title="bbox 501 3688 1354 3765">
     <span class='ocr_line' id='line_1_34' title="bbox 501 3688 1354 3765; baseline -0.002 -17"><span class='ocrx_word' id='word_1_210' title='bbox 501 3689 645 3748; x_wconf 86' lang='lat' dir='ltr'><strong>Petrus.</strong></span> <span class='ocrx_word' id='word_1_211' title='bbox 680 3689 831 3749; x_wconf 87' lang='lat' dir='ltr'><strong>Convivia</strong></span> <span class='ocrx_word' id='word_1_212' title='bbox 842 3691 1003 3765; x_wconf 88' lang='lat' dir='ltr'><strong>agitarem,</strong></span> <span class='ocrx_word' id='word_1_213' title='bbox 1026 3690 1079 3763; x_wconf 90' lang='lat' dir='ltr'><strong>qui</strong></span> <span class='ocrx_word' id='word_1_214' title='bbox 1100 3690 1140 3748; x_wconf 90' lang='lat' dir='ltr'><strong>ad</strong></span> <span class='ocrx_word' id='word_1_215' title='bbox 1151 3688 1354 3764; x_wconf 87' lang='lat' dir='ltr'><strong>supellectilis</strong></span> 
     </span>
    </p>

    <p class='ocr_par' dir='ltr' id='par_1_17' title="bbox 383 3779 1356 3953">
     <span class='ocr_line' id='line_1_35' title="bbox 383 3779 1354 3857; baseline 0.001 -17"><span class='ocrx_word' id='word_1_216' title='bbox 383 3798 512 3842; x_wconf 81' lang='lat' dir='ltr'><strong>asmeae</strong></span> <span class='ocrx_word' id='word_1_217' title='bbox 544 3785 699 3842; x_wconf 89' lang='lat' dir='ltr'><strong>sarcinam</strong></span> <span class='ocrx_word' id='word_1_218' title='bbox 730 3783 977 3856; x_wconf 89' lang='lat' dir='ltr'><strong>componendam</strong></span> <span class='ocrx_word' id='word_1_219' title='bbox 1008 3782 1059 3840; x_wconf 82' lang='lat' dir='ltr'><strong>vix</strong></span> <span class='ocrx_word' id='word_1_220' title='bbox 1091 3784 1214 3857; x_wconf 91' lang='lat' dir='ltr'><strong>tempus</strong></span> <span class='ocrx_word' id='word_1_221' title='bbox 1236 3779 1354 3841; x_wconf 70' lang='lat' dir='ltr'><strong>habeo?</strong></span> 
     </span>
     <span class='ocr_line' id='line_1_36' title="bbox 423 3877 1356 3953; baseline -0.002 -15"><span class='ocrx_word' id='word_1_222' title='bbox 423 3879 519 3938; x_wconf 92' lang='lat' dir='ltr'><strong>Immo</strong></span> <span class='ocrx_word' id='word_1_223' title='bbox 540 3880 602 3937; x_wconf 95' lang='lat' dir='ltr'><strong>iam</strong></span> <span class='ocrx_word' id='word_1_224' title='bbox 623 3884 709 3938; x_wconf 88' lang='lat' dir='ltr'><strong>recta</strong></span> <span class='ocrx_word' id='word_1_225' title='bbox 728 3878 767 3937; x_wconf 89' lang='lat' dir='ltr'><strong>ad</strong></span> <span class='ocrx_word' id='word_1_226' title='bbox 788 3877 1039 3953; x_wconf 84' lang='lat' dir='ltr'><strong>ludimagistrum</strong></span> <span class='ocrx_word' id='word_1_227' title='bbox 1064 3894 1160 3953; x_wconf 87' lang='lat' dir='ltr'><strong>pergo</strong></span> <span class='ocrx_word' id='word_1_228' title='bbox 1175 3878 1356 3936; x_wconf 89' lang='lat' dir='ltr'><strong>missionem</strong></span> 
     </span>
    </p>
   </div>
   <div class='ocr_carea' id='block_1_3' title="bbox 0 0 1711 4567">
    <p class='ocr_par' dir='ltr' id='par_1_18' title="bbox 0 0 1711 4567">
     <span class='ocr_line' id='line_1_37' title="bbox 0 0 1711 4567; baseline 0 0"><span class='ocrx_word' id='word_1_229' title='bbox 0 0 1711 4567; x_wconf 95' lang='lat' dir='ltr'><strong> </strong></span> 
     </span>
    </p>
   </div>
  </div>
 </body>
</html>
