3409 4567
617 496 620 501 -
720 466 874 511 Dratoovs.
883 467 917 518 ΙΙΙ,
931 468 965 511 IV.
1311 474 1326 527 7
1383 492 1384 495 =

397 651 643 728 efflagitatums3
674 668 768 727 quarn
798 653 851 712 ubi
871 652 959 711 luero
985 655 1182 722 consecutus,
1208 656 1327 713 conter-

398 765 563 807 raneorum
583 764 723 806 meorum
744 747 865 816 litteris,
898 764 976 821 quas
1007 748 1046 806 ad
1075 750 1222 823 parentes
1253 766 1327 808 suos

397 844 472 901 mihi
494 844 620 911 dabunt,
646 843 785 918 acceptis
807 843 914 901 statim
939 843 998 901 iter
1018 844 1185 919 ingrediar.
1227 843 1328 915 Quare

396 939 571 998 rectissime
591 938 671 1006 vale,
703 939 745 996 mi
765 937 870 1006 Paule,
896 940 1024 997 mutuae
1050 940 1176 998 nostrae
1198 932 1326 999 eonsue-

368 1035 514 1094 ttudinis
534 1051 661 1093 memor.
702 1033 790 1105 Quod
811 1034 838 1093 si
860 1035 983 1109 quando
1006 1035 1130 1094 dabitur
1150 1036 1256 1105 otium,
1277 1035 1327 1095 iac

396 1131 435 1189 de
456 1131 631 1189 studiorum
651 1135 777 1188 tuorum
797 1130 918 1189 ratione
939 1132 971 1189 et
991 1130 1055 1189 ludi
1069 1130 1163 1189 huius
1178 1133 1264 1192 statu
1277 1149 1327 1191 me

395 1226 509 1285 litteris
531 1226 594 1284 tuis
615 1225 779 1284 certiorem
800 1226 921 1284 reddas.

474 1320 621 1379 Paulus.
661 1319 786 1379 Faciam
816 1320 934 1389 sedulo,
965 1322 1008 1379 mi
1032 1320 1131 1390 Patre,
1164 1324 1195 1381 et
1215 1321 1326 1383 lubens

397 1417 537 1490 quidem;
559 1416 614 1475 sed
635 1416 750 1475 heust
780 1461 798 1474 -.
827 1462 833 1473 .

358 1526 383 1568 10
474 1511 616 1570 Petrus.
658 1511 737 1583 Quid
758 1511 825 1571 cst?
863 1525 864 1528 ’

473 1607 619 1666 Paulus.
642 1607 869 1667 Contcrraneos
885 1610 965 1677 tuos,
981 1625 1112 1683 quorum
1124 1610 1325 1678 consuetudo,

396 1702 471 1760 dum
501 1702 672 1769 hiemant,
703 1700 827 1775 utrique
855 1704 998 1758 nostrum
1029 1702 1096 1760 erat
1126 1702 1225 1775 grata,
1257 1718 1326 1760 meo

395 1798 521 1856 nomine
542 1797 709 1872 diligenter.
729 1796 849 1854 salutes
870 1795 972 1854 velim.
1129 1805 1132 1810 ’

472 1891 612 1950 Petrae.
655 1890 711 1951 Sat
731 1885 791 1950 est:
813 1890 936 1949 faciam.

358 2348 382 2390 15
683 2331 912 2399 DIALOGVS
935 2333 991 2399 IV.

342 2474 388 2526 De
416 2473 617 2528 conveniendo
637 2480 836 2544 praeceptore,
864 2473 1002 2528 missione
1024 2474 1206 2545 impetranda
1228 2474 1324 2545 deque

607 2562 710 2630 gratiis
728 2560 912 2631 praeceptori
931 2560 1060 2630 agendis.

392 2693 395 2697 ’
470 2681 661 2742 Pandulus
683 2685 718 2741 ct
738 2682 889 2755 Petrus3
911 2681 1201 2757 Ludimagister.

471 2827 676 2888 Pandulus.
718 2829 791 2901 Quis
813 2847 857 2897 es,
890 2830 941 2905 qui
962 2829 1082 2904 trepida
1112 2831 1189 2889 adeo
1215 2832 1323 2907 pulsas

354 2939 381 2981 20
394 2922 528 2983 ostium?
568 2925 615 2984 Eu
636 2925 735 2994 Petra,
758 2928 815 2984 tun
836 2924 993 3001 pulsasti?

472 3020 612 3080 Petrus
653 3020 789 3080 Pulsavi.

472 3115 674 3175 Pendulus.
716 3116 778 3176 Sed
799 3133 862 3190 qua
885 3117 988 3193 gratia
1007 3117 1069 3175 huc
1087 3118 1251 3178 intromitti
1270 3138 1322 3197 po-

393 3209 511 3270 stulas?
549 3212 617 3270 Non
638 3214 674 3271 ut
693 3213 880 3287 magistrum
902 3210 1090 3272 convenias?

471 3307 614 3366 Petrus.
665 3307 807 3377 Maxime,
839 3308 867 3365 si
898 3310 947 3365 est
976 3308 1075 3367 intus:
1106 3309 1215 3377 habco,
1242 3311 1323 3383 quod

353 3413 379 3457 25
393 3418 464 3461 cum
484 3419 521 3460 co
542 3419 635 3477 agam
654 3403 731 3477 ipse.

469 3497 668 3557 Pendulus,
719 3497 775 3555 Est
806 3499 905 3570 intus;
942 3498 997 3556 sed
1033 3514 1124 3556 mane
1154 3498 1321 3574 paulisper,

354 3605 416 3659 [nra]
445 3594 518 3651 dum
534 3594 595 3651 huc
610 3593 666 3651 tibi
677 3593 830 3662 renuntio,
846 3610 887 3652 an
903 3594 962 3653 hoc
977 3594 1125 3668 temporis
1140 3594 1252 3652 articu-
1271 3597 1275 3669 l
1293 3595 1322 3653 lo

393 3688 421 3745 ei
441 3688 472 3746 te
498 3689 605 3747 audire
627 3690 726 3747 vacet.
752 3688 902 3756 -Here,
930 3688 1134 3747 scholasticus
1166 3689 1322 3764 quispiam

392 3781 467 3840 ioris
490 3785 659 3858 exspectat,
692 3784 752 3858 qui,
784 3784 811 3842 si
832 3801 895 3843 non
917 3784 958 3842 sit
976 3783 1152 3853 molestum,
1185 3785 1271 3860 eupit
1292 3788 1322 3844 te

351 3879 484 3937 rodere
506 3880 652 3954 quapiam
674 3880 849 3939 convenire.
