3409 4567
670 487 979 531 1111113111-1111.
1280 492 1316 550 29

463 673 627 732 Iacobus.
668 672 716 731 Ad
737 673 816 731 haec
836 674 983 748 princeps
1003 674 1072 746 ipse
1093 674 1126 731 in
1147 672 1213 731 foro
1229 676 1317 748 paria

386 768 501 842 aliquot
531 769 671 841 equitum
696 767 861 835 exhibebit,
894 769 946 843 qui
976 769 1060 827 inter
1090 784 1161 827 sese
1192 768 1315 828 infestis

385 863 486 922 hastis
507 864 701 922 concurrent.
743 862 817 921 Post
843 880 921 937 quos
947 865 1065 922 circum
1100 864 1317 939 ingredientur

385 959 459 1016 item
481 960 601 1032 equites
621 975 641 1017 a
655 958 739 1017 calce
760 959 801 1017 ad
814 960 965 1017 verticem
980 975 1080 1033 usque
1095 961 1215 1028 armati,
1238 976 1316 1033 quos

358 1053 603 1127 5cataphractos
628 1055 750 1111 vocant.
791 1053 829 1111 Hi
857 1056 1040 1112 catervatim
1071 1055 1138 1113 sine
1169 1055 1231 1113 ullo
1262 1047 1317 1113 1111

385 1149 492 1207 ordine
513 1150 655 1206 antarta
676 1148 755 1206 alius
769 1150 801 1206 in
823 1149 918 1207 alium
938 1151 1058 1207 irruent
1080 1152 1111 1207 et
1139 1166 1175 1208 se
1199 1150 1316 1207 mutuis

384 1244 497 1302 ictibus
519 1244 557 1301 ab
584 1244 672 1317 equis
698 1243 839 1301 deiciant.
883 1243 963 1302 Nam
993 1246 1025 1301 in
1056 1243 1115 1303 hoc
1137 1246 1238 1302 circus
1258 1260 1314 1301 un·

385 1339 477 1412 dique
491 1340 540 1397 est
554 1340 801 1412 circumsaeptus
820 1340 860 1410 et,
881 1355 920 1396 ne
936 1340 987 1413 qui
1007 1340 1175 1397 ceciderint
1188 1340 1315 1414 gravius

385 1432 555 1500 laedantur,
576 1432 651 1491 fimo
672 1435 831 1491 instratus.

346 1534 371 1576 10
461 1527 629 1587 Thomas.
671 1526 768 1599 Quam
790 1545 906 1601 quaeso
928 1530 959 1587 te
979 1528 1172 1603 voluptatem
1193 1546 1231 1587 ex
1251 1535 1315 1587 tam

383 1623 499 1682 furioso
521 1626 552 1682 11
572 1625 698 1681 minime
728 1624 865 1681 iucundo
887 1626 1056 1683 certamine
1089 1626 1217 1699 capiunt
1244 1620 1314 1681 isti?

461 1718 627 1777 lacobus,
686 1715 782 1789 Quid?
833 1718 942 1777 Nullas
974 1737 1036 1778 non
1071 1720 1208 1778 lautitias
1239 1736 1315 1794 prae

383 1814 442 1871 hac
467 1814 628 1888 voluptate
650 1816 862 1881 contemnunt,
893 1816 1113 1888 praeterquam
1145 1816 1227 1889 quod
1256 1814 1314 1872 hoc

384 1909 523 1967 tirocinio
545 1909 590 1967 ad¹
606 1911 704 1968 serios
719 1909 856 1967 hostium
876 1925 1066 1984 congressus
1086 1912 1316 1984 praeparantur

345 2009 370 2051 15
383 2005 415 2061 et
435 2006 524 2078 quasi
545 2006 730 2063 animantur.

345 2103 408 2158 {C3bl
462 2099 628 2158 Thomas.
682 2098 857 2172 Vtcumque
891 2100 940 2167 sit,
982 2100 1130 2174 spectabo
1149 2096 1153 2175 1
1172 2101 1203 2157 11
1237 2101 1313 2174 ipse,

386 2195 535 2268 quomodo
556 2211 607 2252 res
626 2196 747 2269 agatur.

633 2564 860 2631 DIALOGVS
887 2565 1004 2635 XXIII

483 2765 485 2768 .
551 2703 597 2757 De
615 2706 788 2757 ieiuniorum
806 2706 920 2759 ratione
938 2704 1092 2759 disserunt.

591 2824 781 2885 Conradus
803 2830 839 2886 et
859 2828 1049 2902 Aegidius

390 3012 393 3020 ,
460 2954 662 3014 Conradus
704 2957 784 3015 Male
805 2951 946 3024 sitistis,
978 2959 1084 3016 nescio
1107 2958 1228 3031 quibua,
1261 2960 1311 3032 qui

381 3053 479 3109 totum
500 3068 601 3125 paene
621 3068 738 3110 annum
752 3054 875 3110 ieiuniis
890 3053 1067 3111 onerarunt.
1108 3051 1215 3127 Neque
1230 3054 1313 3111 enim

382 3148 459 3204 satis
490 3145 549 3204 tuit
583 3148 628 3204 eis
663 3147 871 3221 qnadraginta
911 3148 977 3205 dies
1010 3150 1163 3222 perpetuo
1198 3147 1312 3206 Christi

344 3278 346 3282 -
382 3243 495 3299 ieiunio
516 3258 588 3299 esse
609 3259 725 3309 sacros
747 3244 807 3300 nisi
827 3244 958 3316 insuper
976 3244 1088 3317 quarta
1102 3260 1224 3317 quaque
1239 3246 1311 3301 anni

342 3340 469 3411 25parte
491 3338 608 3411 aliquot
637 3337 703 3395 dies
729 3354 785 3395 nos
807 3341 1043 3396 macerassents
1073 3338 1172 3396 Instat
1202 3355 1311 3397 rursus

382 3434 557 3506 septimana
587 3448 644 3507 per
673 3432 896 3491 abstinentiam
921 3433 1132 3508 transigenda.
1174 3432 1260 3503 Quod
1285 3435 1310 3491 si

382 3527 456 3584 mihi
476 3528 562 3586 tanto
584 3530 737 3602 apparatu
762 3528 928 3602 prandium
959 3530 1170 3603 apponeretur
1195 3530 1310 3602 quanto

381 3621 449 3689 illis,
481 3623 533 3695 qui
562 3625 679 3681 ieiunia
708 3623 786 3681 haec
819 3624 1018 3691 induxerunt,
1051 3640 1112 3681 non
1145 3623 1311 3681 admodum

381 3720 535 3792 gravatim
567 3720 612 3776 eis
643 3735 800 3792 parerem3
831 3735 915 3776 nunc
950 3736 1020 3777 curn
1051 3720 1103 3776 vix
1134 3720 1197 3776 toto
1229 3734 1310 3777 anno

340 3818 368 3860 3⁰
381 3812 478 3871 semel
492 3815 667 3887 rugientem
682 3814 877 3872 stomachum
892 3816 1049 3880 exsatiem,
1071 3814 1173 3873 adhuc
1187 3815 1310 3872 ieiuniis

380 3924 484 3966 vexor.
