3409 4567
715 463 901 507 6666116116.
1188 469 1303 525 XLVII

312 636 525 692 Druckiehlern
552 637 709 701 beweisen,
744 638 767 690 Z
795 639 944 707 zugrunde
971 641 1053 711 liegt.
1097 642 1143 695 Da
1165 661 1226 696 nun
1256 642 1302 698 die

312 713 397 777 661116
425 707 628 761 Helmstedter
651 708 790 777 Ausgabe
818 707 955 766 offenbar
982 712 1056 763 6661
1083 709 1148 765 dem
1177 713 1304 767 8611161-

312 778 452 831 kaldener
470 778 570 829 Druck
590 794 648 829 von
662 780 728 831 1586
746 779 922 847 hergestellt
940 782 988 843 ist,
1006 780 1059 834 der
1078 782 1302 837 6616616611616-

313 845 479 901 (1116111661
497 847 524 899 D
544 848 732 915 zuriiokgeht,
757 864 790 901 so
812 850 939 918 begreiit
956 867 1023 903 man
1041 852 1123 915 auch,
1141 853 1231 906 wieso
1251 852 1303 906 der

312 917 500 970 unbekannte
519 915 683 971 Erneuerer
700 934 737 969 zu
755 915 807 970 der
824 919 977 972 Annahme
995 920 1170 989 gekommen
1187 923 1235 984 ist,
1255 921 1302 977 die

250 1042 252 1045 ,
313 986 404 1041 editio
422 990 559 1055 princeps
578 986 621 1039 661
641 989 706 1040 1517
727 988 912 1043 erschienen:
931 990 1027 1059 einzig
1045 989 1104 1043 und
1122 991 1217 1055 allein,
1236 994 1304 1045 weil

313 1054 360 1109 die
378 1055 509 1109 Vorrede
538 1055 613 1108 eben
636 1054 717 1110 diese
735 1056 908 1111 Jahreszahl
927 1063 1014 1127 trago.
1051 1059 1156 1114 Dieses
1173 1061 1302 1130 Zeugnis

311 1125 426 1179 1616166
439 1126 634 1194 vollkommeu
646 1125 847 1195 gleiohgiiltig‚
858 1127 917 1180 und
930 1128 976 1179 ioh
989 1129 1092 1192 metue,
1106 1130 1176 1184 61166
1190 1132 1302 1200 6611611

312 1195 404 1259 1161111,
420 1193 476 1247 dass
487 1197 553 1248 1517
573 1197 604 1247 16
622 1194 740 1249 1161Τ61
755 1197 802 1248 ein
812 1197 1008 1251 Drueklehler
1018 1216 1077 1250 war
1093 1198 1151 1251 und
1166 1198 1301 1255 (11661616

311 1264 452 1333 Ausgabe
480 1264 532 1317 der
554 1262 731 1334 Paedologia
750 1266 796 1332 (Z)
814 1266 958 1320 vielmehr
977 1269 1044 1320 1518
1064 1269 1235 1324 ersohienen
1253 1272 1302 1324 ist.

382 1334 566 1387 Gleiohwohl
595 1334 728 1389 konnten
757 1337 819 1389 sich
849 1338 924 1390 nooh
954 1337 1026 1390 16166
1054 1337 1175 1393 Ζ661161
1202 1356 1301 1411 regen,

311 1402 410 1457 liessen
438 1405 480 1457 sie
504 1405 566 1458 6161
583 1404 665 1457 61611
683 1404 774 1458 durch
792 1408 840 1459 ein
859 1405 1114 1475 beweiskraftiges
1132 1408 1302 1465 Dokument

311 1474 404 1543 1611110γ
423 1473 682 1543 besohwiehtigen.
711 1473 771 1527 Am
784 1476 825 1529 25.
837 1476 1047 1544 September
1061 1478 1127 1531 1518
1142 1480 1304 1533 schreibt

310 1543 509 1597 Mosellans
548 1549 613 1612 gut
654 1544 945 1599 66161116116161
983 1545 1134 1600 86111161
1169 1547 1301 1618 (166661

312 1610 527 1682 Creutziger
544 1630 585 1666 an
604 1613 765 1683 Stephan
783 1614 877 1667 Roth
895 1616 929 1667 in
947 1615 1126 1678 Zwiokau,
1146 1616 1202 1671 die
1216 1618 1302 1673 Pae-

312 1681 461 1751 dologia
489 1683 543 1737 sei
569 1686 614 1735 im
641 1683 768 1736 Druck.
805 1683 867 1737 Der
884 1683 993 1752 Brie11)
1016 1690 1097 1753 tr'dgt
1120 1681 1196 1739 61611
1213 1688 1300 1744 116166

310 1751 491 1816 Jahreszahl,
511 1752 598 1805 allelu
617 1770 649 1806 er
666 1754 744 1806 kann
762 1770 817 1805 nur
834 1754 873 1805 im
888 1754 1062 1823 September
1075 1756 1142 1809 1518
1161 1756 1303 1825 abgefasst

312 1824 384 1884 sein,
407 1824 463 1876 wie
491 1822 552 1875 sioh
579 1830 667 1876 66161
689 1821 810 1876 anderrn
831 1823 922 1876 66166
941 1822 1116 1878 (1616661611
1135 1825 1302 1882 8161611611

393 1976 409 2027 ¹)
433 1975 514 2017 Dieser
527 1976 589 2017 Briei
607 1976 636 2016 ist
650 1976 723 2017 sehon
744 1977 855 2018 teilweise
874 1977 1044 2019 veroiientlicht
1063 1989 1109 2020 von
1125 1978 1151 2021 G.
1163 1979 1287 2021 Buchwald

310 2027 526 2069 AGDBuchhandel
542 2027 566 2068 16
585 2027 661 2078 (18931,
683 2028 703 2070 S.
713 2029 746 2077 28,
765 2029 807 2070 No.
823 2029 842 2069 8.
875 2029 930 2071 Hier
950 2030 1008 2083 iolgt
1037 2039 1060 2070 61
1079 2031 1220 2085 vollstllndig
1241 2033 1301 2075 nach

311 2080 351 2121 der
364 2079 494 2120 Zwickauer
507 2078 656 2121 Handschriit
670 2081 690 2122 N
699 2081 724 2122 3:

390 2131 521 2172 Humaniss.
543 2131 560 2173 81
582 2133 695 2173 eruditiss.
715 2133 765 2174 viro
787 2131 904 2185 Stephano
927 2133 986 2179 Rodt
1007 2131 1114 2185 Cycneae
1135 2135 1228 2176 scholae
1249 2135 1302 2177 dili·

310 2185 406 2237 gentiss.
421 2184 538 2225 moderato
553 2185 694 2236 praeceptori
709 2196 750 2227 suo
765 2184 865 2227 candiss.

389 2235 410 2277 S.
424 2236 515 2288 Accepi,
529 2236 645 2288 Stephane
659 2238 697 2285 mi,
712 2239 753 2279 abs
768 2238 790 2278 te
805 2238 940 2290 iampridem
963 2236 1091 2290 expectatas
1113 2238 1194 2286 literas,
1208 2240 1300 2281 tametsi

310 2289 440 2340 perbreues,
455 2288 539 2340 quibus
554 2288 656 2329 hortatus
671 2300 702 2340 es,
716 2291 741 2330 61
754 2290 825 2331 111166
835 2300 894 2342 quos
904 2289 985 2330 ordine
997 2289 1125 2342 assignasti,
1143 2291 1204 2343 apud
1216 2292 1301 2333 Biblio-

311 2340 376 2391 polas
391 2350 552 2392 compararem,
574 2340 596 2381 et
611 2340 652 2381 tibi
668 2341 856 2383 transmittendos
876 2352 983 2390 curarem,
1005 2352 1049 2394 qua
1064 2342 1088 2382 in
1103 2352 1132 2389 re,
1153 2342 1178 2383 ut
1192 2354 1232 2396 par
1247 2344 1299 2392 erat,

310 2392 356 2433 nisi
371 2392 434 2433 iallat
448 2403 484 2433 me
499 2392 585 2445 opinio,
604 2393 659 2434 satis
675 2394 783 2443 laborant,
800 2404 879 2435 verum
896 2394 953 2434 illud
968 2394 1044 2442 doleo,
1063 2394 1125 2447 quod
1140 2394 1188 2437 uoti
1203 2396 1225 2436 te
1240 2407 1301 2438 corn-

310 2444 388 2496 potem
412 2445 475 2485 omni
497 2455 523 2485 ex
544 2446 646 2497 partein
663 2446 796 2539 praesentia
816 2446 889 2486 tacere
913 2456 1033 2498 nequeam.
1061 2446 1119 2487 Nam
1134 2457 1161 2487 ex
1175 2448 1239 2489 libris
1254 2449 1301 2491 illis

310 2497 399 2548 praeter
413 2496 460 2537 Pici
475 2498 612 2549 opusculum
627 2497 649 2538 et
683 2498 778 2539 lutarchi
793 2498 983 2539 commentarium
998 2498 1055 2539 nihil
1070 2498 1206 2548 transmitto,
1220 2511 1298 2542 eorum

310 2548 369 2589 nihil
384 2548 429 2588 iam
444 2548 484 2588 hic
498 2549 564 2597 extat,
578 2548 665 2590 Merces
680 2561 692 2590 e
707 2550 859 2591 francofordia
881 2550 984 2591 nondum
1005 2550 1114 2591 aduectae
1135 2552 1195 2593 sunt.
1223 2552 1259 2594 Ob
1275 2553 1298 2594 id

309 2600 365 2641 boni
381 2600 472 2641 interim
488 2601 655 2642 consulendum
671 2602 711 2649 est,
727 2602 785 2643 intra
800 2602 947 2654 quatriduum
962 2602 1039 2643 omnia
1054 2612 1112 2653 quae
1127 2613 1187 2645 nunc
1202 2604 1301 2657 desyde-

311 2662 393 2700 ramus,
410 2652 554 2700 habebimus,
568 2654 615 2693 tum
631 2663 674 2704 ego
688 2654 802 2700 laborabo,
817 2655 842 2695 ut
853 2665 904 2695 curn
920 2654 1018 2706 primum
1033 2654 1082 2695 iieri
1093 2655 1173 2706 possit,
1188 2657 1299 2709 quicquid

311 2704 346 2745 est
367 2704 487 2756 reliquum,
509 2704 536 2745 ad
553 2706 574 2745 te
589 2705 714 2757 perueniat.
743 2706 856 2758 Equidem
877 2707 899 2746 in
914 2706 981 2758 culpa
996 2716 1041 2746 non
1062 2717 1119 2754 sum,
1137 2707 1194 2759 quid
1215 2708 1300 2751 Biblio-

310 2757 377 2809 polas
393 2756 513 2808 hucusque
528 2757 574 2797 illic
590 2757 719 2806 detinuerit,
740 2758 875 2799 addiuinare
894 2769 940 2799 non
955 2768 1056 2810 possum.
1084 2756 1203 2800 Caeterum
1225 2771 1298 2802 rerum

311 2819 430 2855 novarum,
445 2809 507 2860 quod
522 2809 616 2860 quidem
634 2810 730 2849 rescire
745 2810 830 2858 deceat,
852 2810 910 2850 nihil
932 2810 1050 2851 habemus.
1078 2809 1112 2852 De
1126 2812 1209 2852 nostris
1231 2813 1299 2854 rebus

310 2861 421 2901 breuibus
436 2860 468 2900 sic
483 2860 548 2907 habe,
569 2860 672 2902 valemus
687 2862 709 2902 in
731 2862 860 2913 praesentia
875 2872 962 2910 omnes,
982 2862 1026 2903 deo
1040 2862 1122 2913 gracia,
1143 2862 1299 2914 foelicissime,

311 2923 353 2954 nec
367 2913 401 2953 est
415 2913 546 2965 quicquam,
561 2913 650 2965 dequo
665 2924 839 2965 conqueramus.
862 2914 906 2955 Det
922 2914 978 2955 deus
993 2913 1101 2966 Optimus
1110 2913 1224 2957 Maximus
1239 2917 1298 2959 hanc

311 2964 425 3005 fortunam
441 2964 567 3005 sentiamus
582 2966 628 3005 din.
657 2965 741 3006 Detuo
753 2976 826 3006 rerum
842 2966 901 3006 statu
916 2965 973 3007 nihil
989 2966 1122 3018 experimur,
1136 2966 1191 3008 Earn
1206 2968 1235 3009 ob
1250 2980 1297 3010 rem

311 3027 365 3057 cura
380 3017 405 3056 ut
420 3016 448 3057 de
463 3027 490 3057 eo
505 3027 547 3057 nos
562 3017 644 3057 reddas
658 3018 774 3058 cerciores.
802 3018 871 3067 Quod
886 3020 1001 3070 postremo
1016 3018 1161 3070 conquereris
1175 3019 1299 3063 Mosellani

311 3069 465 3120 praeceptoris
480 3069 525 3108 mei
541 3069 711 3110 lucubrationes
726 3070 767 3111 tibi
782 3080 794 3110 a
810 3081 846 3111 me
862 3081 906 3111 non
926 3081 976 3111 esse
990 3070 1079 3117 missas,
1098 3071 1155 3111 scito
1170 3072 1193 3113 ld
1208 3084 1247 3125 per
1261 3085 1297 3115 me

311 3131 358 3161 non
374 3120 472 3167 stetisse,
486 3121 555 3167 carui,
570 3122 608 3172 qui
624 3132 662 3162 eas
676 3122 704 3161 ad
720 3123 742 3162 16
755 3121 863 3174 perterret
876 3121 1000 3163 tabellario.
1027 3121 1141 3163 Mitterem
1157 3122 1200 3164 iam
1217 3125 1298 3167 nisiex

311 3172 383 3213 literis
398 3172 555 3223 intellegerem
569 3174 591 3212 te
606 3183 644 3213 eas
659 3175 748 3214 habere.
776 3175 864 3226 praeter
883 3185 920 3214 eas
939 3175 984 3214 iam
1004 3173 1061 3214 nihil
1077 3174 1149 3215 edidit
1163 3176 1244 3217 adhuc.
1272 3178 1296 3219 ln

310 3224 394 3265 incude
409 3225 453 3265 iam
469 3225 504 3265 est
519 3225 587 3265 ludus
606 3226 634 3265 ab
649 3236 676 3266 66
691 3226 761 3267 latine
782 3226 930 3277 conscriptus,
952 3237 1019 3278 quem
1040 3224 1178 3278 16116166ιά1
1199 3228 1242 3269 166
1263 3232 1297 3271 661

310 3277 421 3328 puerilem
431 3277 641 3317 contabulationem
651 3278 771 3329 inscripsit.
778 3278 865 3329 publici
874 3278 944 3318 nostri
954 3278 1001 3318 ludi
1010 3278 1199 3320 administratoris
1208 3281 1296 3322 hortatu

310 3339 439 3381 persuasus,
453 3330 477 3370 ln
492 3340 538 3380 quo
552 3329 725 3370 confabulantes
740 3340 822 3381 pueros
837 3330 962 3371 introduxit
977 3331 1005 3370 de
1019 3331 1087 3371 rebus
1098 3330 1202 3382 literarijs
1214 3334 1235 3372 et
1245 3333 1298 3385 aliis

310 3381 467 3432 compluribus
483 3392 528 3421 non
547 3392 625 3432 parurn
641 3381 703 3421 utilis
722 3382 811 3422 iuturus
826 3382 936 3422 studiosis
951 3382 1035 3433 pueris,
1057 3393 1109 3423 nam
1124 3383 1146 3423 et
1160 3383 1296 3425 latinissime

310 3434 332 3473 et
354 3433 522 3485 elegantissime
549 3434 690 3484 compositus
711 3435 751 3474 est.
782 3434 872 3475 Praeter
900 3444 925 3474 66
952 3434 997 3475 iam
1028 3434 1120 3475 molitur
1152 3445 1198 3475 non
1225 3447 1296 3488 paruo

311 3486 393 3525 conatu
407 3484 431 3525 Μ
446 3485 509 3536 Fabii
526 3484 663 3534 Quintiliani
683 3485 839 3527 institutiones
860 3486 1031 3527 emendaciores
1054 3487 1120 3527 edere
1143 3487 1234 3538 lucique
1253 3488 1297 3540 pri·

309 3537 383 3577 atinae
397 3538 520 3584 restituere,
535 3537 640 3586 Quando,
660 3537 684 3576 61
698 3538 750 3584 6616,
772 3538 975 3589 (1661666116616166
990 3538 1049 3579 sunt.
1078 3538 1121 3579 Sed
1138 3539 1166 3578 de
1181 3539 1217 3578 his
1232 3540 1295 3591 61616

310 3588 373 3636 61166,
387 3588 451 3630 Ν666
471 3590 530 3630 bene
544 3589 601 3629 vale.
629 3589 706 3629 Saluta
721 3600 771 3631 meo
790 3590 884 3630 nomine
899 3590 1023 3642 Georgium
1043 3592 1144 3630 nostrum
1160 3589 1296 3642 Agricolam,

310 3640 346 3681 cui
362 3651 437 3681 narres
452 3642 520 3681 velim
544 3641 602 3681 male
623 3642 707 3682 habere
721 3641 874 3682 Mosellanum
896 3642 958 3693 quod
982 3642 1040 3682 nihil
1056 3642 1171 3682 literarum
1193 3643 1221 3683 ad
1243 3655 1295 3685 eum

310 3693 405 3742 dederit,
419 3693 517 3734 Maxime
532 3703 584 3733 curn
599 3703 664 3733 66166
680 3704 735 3734 6666
749 3695 893 3735 commiseret
914 3695 1010 3735 iuuenes
1025 3694 1112 3745 aliquot
1127 3694 1295 3745 conterraneos,

310 3755 406 3797 quorum
421 3746 515 3785 alterum
531 3746 610 3785 morbo
625 3746 702 3786 nescio
717 3757 763 3798 quo
778 3746 919 3786 laborantem
933 3747 1029 3793 audiuit,
1049 3748 1078 3786 ob
1100 3746 1121 3786 id
1138 3746 1227 3787 hortare
1242 3758 1293 3789 eum

310 3798 335 3838 ut
349 3797 438 3837 scribat.
465 3797 547 3837 lterum
562 3798 619 3844 vale,
634 3798 733 3849 septimo
748 3798 848 3842 Kalend:
864 3797 965 3839 Octobri.

899 3850 961 3890 Tuus
976 3848 1061 3901 Caspar
1076 3847 1190 3901 Cruciger.

389 3900 544 3941 'tumultuarie
558 3900 645 3953 scripsi,
660 3912 706 3942 non
721 3901 792 3954 [slatis
807 3902 927 3942 emendare
943 3902 1015 3953 [potui
1029 3901 1169 3953 acculratius.
