3409 4567
737 484 887 528 DlrlLOGVS
901 485 1019 528 xlii-xv.

402 683 462 737 136³]
712 666 940 732 DIALOGVS
963 666 1054 732 XIV.

660 807 814 866 Servius
836 812 872 866 et
891 806 1094 883 Sulpicius,

462 936 508 990 De
527 938 610 1007 signo
628 937 889 991 tintinnabulorum
907 935 1002 1006 deque
1020 935 1173 996 immodico
1190 954 1298 991 somno.

518 1066 679 1127 Servius.
702 1068 781 1140 Quin
792 1069 906 1144 surgis,
919 1065 1057 1142 Sulpicii
1083 1068 1147 1128 lem
1157 1069 1371 1128 tintinnabula

413 1164 583 1222 sultimum
608 1163 788 1223 dilucularis
820 1163 965 1223 sacrificii
996 1164 1122 1238 signum
1148 1164 1308 1231 dederunt,
1341 1167 1372 1223 et

439 1274 501 1317 non
516 1258 652 1333 ignoras,
675 1262 793 1333 quanta
805 1259 967 1317 hominum
981 1259 1158 1333 frequentia
1172 1260 1231 1318 hee
1245 1277 1371 1319 sacrum

438 1356 618 1429 peragatur,
644 1355 680 1412 ut
704 1353 859 1429 flagitium
890 1354 983 1428 plane
1005 1355 1048 1413 sit
1078 1371 1135 1413 nos
1167 1355 1371 1439 intempore

440 1466 502 1508 non
524 1450 644 1508 adesse.

517 1543 717 1618 Sulpicius
770 1545 898 1604 lamiam
939 1563 1075 1620 surgam,
1117 1546 1243 1605 tametsi
1279 1549 1373 1620 caput

402 1654 426 1695 10
439 1639 541 1698 adhue
563 1655 674 1714 sopore
696 1657 792 1715 grave
814 1642 934 1713 senti0;
955 1642 1076 1700 utinam
1096 1641 1204 1700 liceret
1218 1642 1258 1700 ad
1279 1642 1370 1700 satie-

439 1736 535 1793 tatem
545 1751 646 1808 usque
658 1734 807 1794 dormire!
835 1736 977 1795 Imitarer
988 1739 1071 1795 certe
1083 1736 1174 1795 hodie
1184 1736 1371 1796 Horatianos

438 1830 507 1887 illos
536 1830 676 1898 iuvenes,
711 1830 831 1905 quibus,
844 1832 1011 1905 pulchrum
1041 1832 1165 1890 videtur
1184 1833 1216 1890 in
1251 1832 1371 1891 medios

439 1924 573 1983 dormire
593 1926 669 1983 dies.

517 2019 681 2078 Servius.
726 2020 768 2077 At
789 2035 847 2094 ego
868 2020 900 2077 te
921 2018 1037 2077 diutius
1063 2035 1126 2077 non
1147 2021 1299 2094 opperior,
1331 2037 1370 2080 ne

401 2129 425 2171 15
439 2114 517 2173 haec
537 2131 624 2173 mura
645 2114 721 2172 mihi
741 2114 851 2188 plagas
872 2113 1054 2172 lucrifaciat.
1094 2114 1160 2190 Ego
1181 2114 1254 2174 hine
1279 2117 1370 2189 abe0;

438 2211 482 2280 tu,
504 2210 627 2284 quando
648 2210 743 2278 lubet,
776 2226 908 2283 sequere
939 2212 992 2268 eut
1024 2212 1076 2267 tuo
1098 2210 1236 2283 periculo
1262 2211 1369 2270 dormi.

518 2304 720 2380 Sulpicius
760 2306 888 2364 lamiam
910 2307 941 2363 te
963 2306 1146 2376 eomitab0r3
1181 2322 1221 2364 ne
1254 2304 1371 2382 festina

438 2402 609 2475 tantopere.

518 2494 681 2554 Servius
722 2495 806 2554 Nihil
827 2509 943 2554 moror:
969 2512 1053 2554 nune
1079 2512 1142 2554 non
1163 2499 1212 2555 est
1231 2496 1371 2571 nugandi

399 2604 426 2646 20
439 2591 540 2661 leeus3
562 2607 580 2649 a
600 2590 730 2664 prandio
751 2607 834 2658 vere,
856 2591 909 2649 ubi
930 2608 985 2665 pro
1007 2608 1092 2650 more
1113 2592 1203 2651 nobis
1224 2592 1370 2651 estudiis

439 2686 581 2744 remissio
603 2686 675 2744 data
695 2685 797 2754 luerit,
820 2687 1015 2761 nugabimur.

714 3047 941 3114 DIALOGVS
965 3048 1040 3114 XV.

632 3188 816 3248 Henrieus
838 3191 874 3247 et
893 3188 1116 3267 Friderieus.

665 3317 711 3371 De
729 3316 848 3371 ludendi
867 3318 980 3370 ratione
999 3318 1089 3371 aiunt.

399 3451 425 3492 25
516 3436 707 3497 Henrieus.
749 3438 794 3497 Tu
816 3439 979 3497 nobiseum
997 3438 1061 3513 pila
1073 3439 1172 3506 ludes
1193 3438 1367 3497 Friderieel

438 3532 487 3591 An
508 3549 578 3591 eum
599 3533 669 3591 istis
692 3550 786 3592 eursu
807 3534 908 3591 mavis
930 3533 1069 3592 certare?

514 3627 737 3688 Friderieus.
788 3629 912 3687 Mallem
944 3646 1014 3687 eum
1045 3644 1106 3686 uno
1138 3629 1169 3685 et
1200 3627 1296 3685 altero
1321 3628 1365 3686 iu-

439 3722 538 3780 cundo
560 3724 659 3781 sodali
680 3723 913 3782 deambulatum
934 3724 987 3782 ire.

515 3815 706 3877 Henrieus.
738 3818 816 3890 Quin
831 3821 866 3877 tu
881 3823 952 3877 ante
967 3819 1127 3894 paulisper
1139 3818 1203 3893 pila
1218 3814 1367 3877 colludis?

398 3925 425 3968 au
438 3911 552 3970 Postea
572 3915 604 3970 et
624 3929 681 3971 nes
702 3931 766 3973 une
786 3917 890 3973 tecum
912 3913 1190 3973 deambulabimus.
