3409 4567
372 452 407 509 18
658 447 862 498 MOSELLANVS,
875 447 1073 491 PAEDOLOGIA.

423 635 618 701 contendam,
639 634 675 693 ut
695 632 722 691 si
743 632 859 691 nonin
880 632 998 707 primis,
1020 632 1167 691 secundis
1188 631 1300 690 saltem
1322 635 1355 690 et

421 730 521 789 tertiis
543 728 658 804 stipem
677 727 837 802 accipiam.

498 823 722 900 Stephanus.
764 821 826 881 Sed
846 839 897 881 me
918 822 970 880 vix
991 824 1179 881 antevertas.

497 918 733 979 Laurentius.
774 916 834 976 Res
856 918 926 992 ipsa
946 917 1103 976 indicabit.

391 1404 404 1446 5
702 1384 930 1451 DIALOGVS
953 1385 1013 1451 XI.

633 1524 806 1585 Clemens
829 1527 865 1585 et
885 1524 1085 1600 Remigius.

367 1647 410 1701 De
430 1645 477 1700 die
496 1663 513 1700 a
531 1644 612 1700 feriis
630 1644 765 1709 secundo,
786 1662 871 1716 quem
883 1644 986 1699 Martis
997 1650 1110 1708 vocant,
1121 1644 1350 1701 confabulantur.

495 1777 677 1837 Clemens.
718 1776 783 1836 Vae
807 1778 907 1847 nobis,
933 1778 975 1835 mi
996 1776 1129 1852 Remigi:
1154 1778 1236 1837 ultra
1260 1795 1349 1852 prae·

416 1874 566 1948 scriptum
588 1870 803 1931 dormivimus!
839 1871 908 1931 Iam
928 1874 1011 1932 enim
1033 1872 1080 1931 sol
1099 1874 1236 1947 undique
1256 1874 1352 1947 plena

378 1983 403 2026 ιο
416 1969 485 2028 luce
515 1968 704 2043 resplendet,
734 1970 769 2026 ut
793 1968 946 2042 septimae
971 1967 1066 2027 horae
1091 1969 1216 2043 signum
1243 1969 1350 2028 datum

415 2064 508 2123 liceat
528 2065 678 2122 conicere.

492 2158 694 2234 Remigius.
730 2158 808 2227 Non,
830 2160 948 2234 opinor,
965 2158 1084 2217 caelum
1098 2158 1213 2232 alioqui
1226 2163 1351 2234 praeter

415 2271 533 2313 morem
544 2256 758 2321 miserenum,
771 2254 893 2312 etiamsi
904 2252 981 2312 alias
992 2253 1051 2312 hoc
1062 2254 1111 2312 die
1122 2254 1350 2315 somnulentiae

415 2367 503 2409 meae
524 2366 643 2424 poenas
664 2365 727 2407 non
747 2365 817 2407 raro
839 2349 917 2407 dedi.

377 2460 401 2502 15
494 2443 676 2504 Clemens
717 2442 892 2517 Vtcumque
917 2444 967 2512 sit,
998 2444 1079 2502 male
1104 2446 1207 2504 metuo
1235 2445 1309 2504 mihi
1331 2464 1351 2504 a

414 2539 529 2611 ferula3
540 2554 637 2612 quare
651 2539 847 2597 occasionem
862 2538 1006 2612 aliquam,
1022 2555 1084 2613 qua
1096 2538 1186 2597 hodie
1201 2556 1218 2599 e
1233 2541 1349 2599 scholis

414 2651 561 2694 emanere
582 2633 682 2702 liceat,
705 2650 865 2708 quaeram.

491 2728 690 2805 Remigius.
732 2724 940 2799 Quameami

492 2823 671 2883 Clemens.
713 2822 790 2891 Scis,
817 2824 890 2897 quid
915 2840 933 2882 a
958 2824 1047 2882 nobis
1067 2823 1135 2882 heri
1157 2825 1350 2884 contenderit

374 2935 400 2978 ao
415 2921 491 2979 hera
510 2915 637 2978 nostra?

489 3015 688 3090 Remigius.
729 3013 809 3082 Soio,
835 3030 948 3087 nempe
975 3014 1011 3072 ut
1031 3012 1182 3073 familiam
1202 3014 1346 3074 haurien-

412 3110 460 3168 dis
482 3111 570 3184 aquis
592 3111 743 3168 iuvemus.
795 3108 857 3167 Sed
878 3109 951 3183 quid
971 3104 1055 3166 cumi

490 3202 671 3263 Clemens.
727 3203 810 3263 Haec
840 3205 900 3262 erit
924 3204 1003 3261 rima
1027 3205 1105 3262 satis
1140 3205 1260 3272 idonea,
1291 3223 1348 3280 per

373 3314 399 3356 25
413 3317 507 3375 quam
527 3300 700 3371 elabamur;
728 3299 930 3374 quamobrem
949 3303 1037 3359 tuum
1058 3301 1123 3368 erit,
1146 3300 1198 3358 ubi
1217 3302 1347 3361 octavae

374 3400 433 3455 [³⁵³1
465 3397 590 3470 signum
605 3396 745 3454 auditum
758 3394 860 3462 luerit,
877 3395 1122 3468 quasiemediis
1153 3394 1157 3469 l
1189 3394 1347 3455 laboribus

413 3491 444 3547 in
478 3490 582 3548 ludum
606 3490 724 3564 ingredi
746 3492 840 3563 atque
861 3505 880 3546 a
900 3490 1155 3563 praeceptoribus
1181 3493 1346 3551 emanendi

413 3586 532 3658 copiam
548 3601 676 3658 poscere
690 3584 748 3642 hae
762 3585 839 3657 ipso,
862 3601 955 3657 quam
971 3586 1040 3652 dixi,
1064 3601 1159 3643 causa
1173 3588 1345 3662 assignata.

489 3678 687 3755 Remigius.
735 3678 860 3746 Vereor,
895 3683 929 3736 ut
954 3679 1100 3752 procedat
1127 3686 1345 3751 commentum,

372 3776 661 3848 eoquandoquidem
686 3775 744 3832 hoe
770 3774 827 3838 die.
861 3790 920 3847 quo
946 3771 1042 3831 funus
1067 3775 1270 3851 magnificum
1297 3784 1346 3837 eet

412 3870 625 3928 deducendum
648 3874 678 3928 et
703 3868 837 3927 defuncti
863 3868 1007 3926 manibus
1034 3872 1272 3943 parentandum,
1294 3875 1345 3932 vix
