3409 4567
656 451 859 500 MOSELLANVS,
873 450 1071 494 PAEDOLOGIA.

692 633 920 702 DIALOGVS
943 633 1035 698 XIII.

649 781 780 841 Sixtus
802 784 839 840 et
858 780 1080 839 Alexander.

574 905 619 959 De
639 905 750 973 ingenii
768 904 949 973 praestantia
968 900 1155 956 contendunt.

500 1045 637 1104 Sixtus.
670 1043 754 1102 Felix
774 1043 954 1117 lu'quidem
975 1058 1018 1109 es,
1041 1042 1082 1099 mi
1103 1042 1286 1110 Alexander,
1309 1044 1358 1101 eui

325 1213 327 1228 Ι
395 1142 583 1217 eingenium
604 1142 668 1198 tam
692 1140 862 1198 fecundum
882 1140 1008 1211 tamque
1029 1138 1193 1212 perspicax
1219 1138 1357 1213 contigit.

498 1236 717 1295 Alexander.
759 1234 815 1293 Est
829 1235 927 1301 nobie,
943 1231 1066 1292 Christo
1081 1233 1146 1292 Deo
1162 1236 1271 1309 gratia,
1294 1250 1357 1292 non

422 1334 548 1391 omnino
571 1331 684 1397 infelix,
707 1331 762 1388 sed
784 1333 889 1389 tamen
911 1346 973 1388 non
988 1332 1120 1397 tantum,
1143 1346 1236 1403 quam
1250 1329 1357 1388 forsan

422 1429 476 1486 tibi
502 1428 635 1485 videtur.
676 1425 725 1483 Fit
745 1428 837 1493 enim,
870 1426 976 1483 nescio
998 1441 1057 1499 que
1079 1426 1177 1492 modo,
1203 1427 1238 1483 ut
1258 1428 1357 1483 nostri

423 1524 545 1581 nosmet
566 1522 732 1595 paeniteat,
755 1522 857 1579 aliena
877 1519 943 1579 fere
965 1520 1183 1595 suspiciamus.

385 1633 409 1675 ro
500 1616 637 1675 Sixtus.
676 1616 714 1675 Ilt
734 1622 776 1684 tu,
798 1618 950 1691 quantum
971 1616 1072 1683 audio,
1094 1615 1209 1689 ahquid
1230 1616 1358 1690 insuper

422 1713 591 1772 desideras,

499 1808 721 1867 Alexander.
763 1803 894 1878 Quidni?
930 1806 1057 1878 Quando
1079 1807 1259 1864 memoriam
1282 1806 1356 1865 mihi

421 1906 521 1963 sentio
544 1905 668 1962 omnino
694 1902 811 1961 fluxam
839 1906 870 1961 et
894 1918 1006 1977 parum
1031 1905 1187 1968 tenacem,
1218 1918 1291 1961 nam
1321 1909 1356 1960 ut

420 1999 512 2057 facile
532 2015 613 2072 quae
633 1999 799 2056 traduntur
813 1998 960 2073 perprie
985 1998 1028 2055 ita
1053 2013 1115 2055 non
1140 1998 1208 2055 sine
1222 1998 1355 2055 maximo

383 2108 407 2150 15
421 2095 545 2169 negotio
567 2095 716 2169 percepta
735 2094 863 2152 retineo.

498 2188 635 2247 Sixtus.
688 2189 727 2247 At
761 2205 820 2263 ego
855 2187 1024 2246 dlfficulter
1050 2187 1212 2263 intellego,
1246 2205 1354 2247 verum

419 2284 516 2342 semel
531 2284 690 2343 Intellecta
704 2284 879 2342 diutissime
900 2300 1041 2354 reservo3
1063 2284 1103 2350 et,
1124 2285 1159 2340 ut
1180 2283 1278 2344 video.
1301 2284 1356 2341 tibi

419 2395 543 2438 cereum
574 2380 624 2437 est
654 2378 822 2453 ingenium.
859 2378 934 2435 mihi
963 2394 1038 2436 vero
1070 2395 1208 2437 saxeum.
1259 2378 1355 2438 Cerae

420 2475 543 2549 quidvis
568 2473 658 2532 facile
682 2474 890 2547 Impresseris
917 2476 948 2531 at
972 2474 1161 2546 Impressum
1186 2475 1355 2548 vestigium

380 2583 407 2625 ao
421 2570 527 2628 statim
548 2569 724 2639 evanescit;
750 2585 826 2626 saxo
847 2568 972 2625 tametsi
994 2568 1067 2641 quid
1089 2584 1151 2626 non
1167 2568 1235 2627 sine
1250 2568 1355 2628 labore

420 2663 613 2739 insculpitur,
636 2663 733 2722 semel
754 2673 860 2721 tamen
880 2663 1071 2735 Insculptum
1093 2662 1199 2720 multIs
1220 2664 1354 2722 saeculis

419 2760 517 2817 durat.

496 2853 714 2912 Alexander.
758 2852 851 2911 Recte
872 2852 965 2928 plane
987 2852 1120 2920 confers,
1149 2853 1204 2911 sed
1225 2853 1284 2912 hoc
1303 2870 1354 2912 me

419 2948 498 3007 male
521 2949 623 3014 habet,
648 2950 730 3022 quod
751 2949 860 3006 rideas
881 2949 1047 3022 plerosque
1068 2949 1194 3023 ingenio
1215 2952 1354 3008 numeris

379 3045 562 3102 momnibus
590 3044 770 3103 felicissimo
796 3044 962 3118 praeditos
994 3054 1026 3101 at
1051 3044 1190 3101 vicissim
1216 3045 1354 3103 moribus

418 3139 495 3197 adeo
523 3141 674 3214 turpibus,
700 3151 733 3197 ut
756 3156 818 3197 non
840 3141 945 3213 inepte
965 3139 1079 3197 dixeris
1100 3156 1206 3198 eorum
1229 3142 1353 3215 ingenia

420 3233 501 3292 male
523 3235 672 3293 habitare.

496 3327 634 3386 Sixtus
684 3327 783 3386 Credo
815 3328 977 3385 dicterium
1009 3328 1067 3385 hoc
1098 3337 1189 3384 vetus
1220 3344 1292 3386 esse
1322 3339 1352 3387 et

417 3423 490 3481 olim
512 3424 551 3481 de
565 3422 670 3482 Galba.
693 3424 818 3481 homine
839 3423 878 3480 ad
900 3422 1075 3495 prodIgium
1096 3438 1196 3495 usque
1214 3422 1353 3492 deformi,

377 3518 548 3577 aedictum:
569 3520 614 3576 sir
635 3518 717 3576 enlm
738 3518 845 3576 audire
867 3517 1073 3575 commemini

496 3613 713 3671 Alexander.
748 3612 856 3671 Probe.
878 3613 934 3670 sed
949 3629 1006 3669 nec
1021 3613 1098 3686 lpse.
1113 3614 1232 3686 opium.
1247 3617 1353 3690 inepte

419 3709 480 3766 huc
501 3708 625 3766 detorsi.
