3409 4567
618 499 621 505 2
646 427 648 431 ⁴
710 464 860 510 022220ον0
873 466 892 507 x
907 466 981 519 (2020).
1293 471 1332 528 45

400 648 590 707 sententiam
610 649 777 723 insignem,
809 649 837 706 si
859 650 941 723 quod
960 650 1169 724 proverbium,
1200 651 1330 726 siquod

400 748 515 828 σχῆμα,
531 744 558 801 02
572 761 666 818 quem
679 749 812 819 tropum,
833 744 861 802 si
876 760 969 817 quem
984 745 1117 804 colorem
1130 746 1330 816 rhetoricum,

399 839 426 897 si
447 856 540 912 quem
553 840 657 898 locum
672 840 877 907 dialecticum,
901 840 927 898 si
942 857 1020 915 quas
1034 842 1169 900 venuste
1183 842 1330 915 loquendi

398 935 563 993 formulas:
594 951 675 1009 quae
699 936 804 994 omnia
828 938 955 994 0002020
982 937 1251 1011 operaepretium
1272 941 1329 1007 est,

370 1032 511 1105 spartim
531 1033 567 1088 ut
587 1032 629 1088 sit
649 1030 681 1088 in
702 1033 848 1105 promptu
863 1047 996 1105 semper,
1012 1048 1072 1105 quo
1086 1048 1189 1090 mores
1204 1035 1330 1092 nostros

396 1126 513 1199 pariter
534 1128 565 1184 02
586 1125 705 1184 0220000
727 1126 931 1200 corrigamus,
953 1128 1124 1201 pertimui
1148 1144 1186 1185 ex
1209 1128 1329 1188 idoneis

397 1221 602 1295 scriptoribus
633 1222 805 1296 suppetant
825 1223 911 1280 recte
937 1222 1084 1296 loquendi
1109 1224 1329 1298 scribendique

397 1316 548 1390 exempla,
570 1316 611 1373 ad
631 1332 711 1390 quae
726 1316 927 1375 crassissima
939 1317 993 1376 illa
1005 1317 1098 1376 hodie
1112 1318 1328 1379 barbarissan-

396 1413 474 1469 tium
505 1411 651 1485 loquendi
681 1413 909 1471 consuetudine
940 1413 1120 1487 posthabita
1157 1416 1329 1474 orationem

359 1522 383 1564 20
396 1508 537 1565 nostram
572 1522 758 1580 componere
779 1524 944 1581 queamus3
980 1513 1148 1582 postremo,
1189 1509 1216 1566 si
1246 1511 1328 1583 quod

396 1604 514 1661 dictum
545 1603 681 1675 antique,
712 1602 740 1659 si
771 1603 853 1676 quod
879 1619 968 1671 nove,
1001 1603 1083 1678 quod
1103 1603 1267 1678 loquendo,
1301 1607 1327 1663 si

396 1700 476 1773 quod
507 1715 617 1772 parum
649 1696 834 1766 Christiane,
868 1699 951 1771 quod
984 1700 1118 1758 vivendo
1154 1701 1329 1776 exprimere

396 1811 457 1853 non
480 1794 653 1853 conveniat.
695 1792 779 1852 Haec
799 1795 951 1867 magister
972 1798 1055 1862 tuus,
1076 1794 1124 1852 vir
1144 1812 1207 1853 000
1226 1795 1328 1854 solum

396 1890 514 1957 doctus,
530 1889 586 1946 sed
601 1894 633 1947 et
647 1889 793 1964 prudens,
809 1889 892 1947 inter
906 1889 1148 1965 praelegendum
1162 1890 1329 1965 diligenter

359 1998 383 2039 15
397 1984 564 2043 admonere
584 1984 671 2051 solet,
704 1984 826 2058 etipse
858 1984 1019 2051 eiusmodi,
1052 2002 1123 2042 cum
1152 1985 1184 2043 id
1215 1988 1328 2044 aetatis

397 2095 489 2146 eram,
512 2080 543 2137 in
570 2079 685 2137 scholis
707 2095 769 2137 000
789 2079 961 2137 oscitanter
982 2082 1113 2155 excepta
1133 2081 1259 2139 domurn
1280 2098 1326 2139 re-

397 2189 526 2248 gressus
565 2175 679 2248 partim
712 2174 889 2241 memoriae,
930 2174 1045 2248 partim
1080 2174 1206 2243 chartis
1254 2175 1328 2234 fidis

396 2271 564 2328 memoriae
595 2270 786 2336 custodibus,
811 2270 1076 2328 commendabam.
1123 2270 1215 2329 Sensi
1240 2288 1326 2330 nam·

365 2378 425 2433 [sea]
447 2380 506 2438 que
527 2365 586 2423 hac
608 2364 769 2440 diligentia
800 2382 849 2422 me
880 2365 1046 2424 vehemen·
1065 2364 1069 2441 1
1088 2369 1135 2424 202
1164 2365 1326 2440 prolicere.

355 2473 382 2515 20
396 2459 510 2531 Quodsi
531 2460 638 2518 fratris
664 2461 806 2535 vestigiis
837 2462 1001 2520 insisteres
1026 2461 1171 2535 idemque
1194 2462 1326 2529 faceres

394 2556 456 2614 iam
478 2559 562 2614 certe
584 2572 645 2613 non
667 2556 726 2621 hic,
750 2556 805 2614 sed
826 2556 913 2614 libris
935 2557 1105 2615 adsideres.

471 2650 640 2709 loannes,
692 2650 790 2709 Nimis
829 2651 929 2709 multa
966 2652 999 2709 in
1044 2668 1140 2725 puero
1182 2652 1325 2725 requiris.

394 2745 552 2820 Equidem,
582 2752 619 2804 ut
650 2748 732 2819 quod
763 2764 873 2805 verum
894 2749 944 2804 est
974 2747 1030 2804 tibi
1051 2748 1266 2820 respondeam,
1293 2748 1325 2804 in

394 2841 452 2908 his,
485 2858 565 2915 quae
595 2844 630 2899 tu
661 2859 768 2901 mones
799 2842 1012 2917 expendenda,
1045 2842 1185 2916 plerique
1217 2859 1326 2899 omnes

354 2950 380 2991 25
395 2953 503 2994 sumus
523 2937 785 3012 neglegentiores,
806 2938 954 2995 nimirum
973 2937 1111 2995 contenti
1129 2938 1324 3012 singularum

394 3032 572 3101 dictionum,
595 3033 726 3105 quaein
748 3034 896 3092 contextu
919 3033 1123 3107 reperiantur.
1145 3035 1325 3107 respectum

393 3128 551 3195 habuisse,
573 3128 718 3186 videlicet
740 3145 833 3201 quarn
855 3145 892 3186 ex
918 3130 986 3186 octo
1008 3127 1156 3186 orationis
1184 3128 1326 3202 partibus

392 3222 531 3281 habeant
544 3240 600 3298 pro
621 3240 746 3298 genere,
769 3240 848 3297 quae
871 3224 934 3281 sint
955 3223 1137 3290 accidentia,
1161 3224 1249 3280 cuius
1272 3240 1323 3298 ge-

393 3320 487 3386 neris,
510 3319 665 3393 simplicia
686 3320 750 3376 sint
774 3335 814 3376 an
837 3319 1017 3393 composita,
1040 3320 1071 3376 in
1093 3335 1187 3392 quam
1213 3318 1327 3376 cadant

353 3414 642 3482 sodoclinationem
674 3414 749 3472 item
780 3430 860 3488 quae
894 3414 1029 3488 partium
1064 3415 1106 3470 sit
1136 3414 1219 3470 inter
1252 3429 1323 3472 sese

394 3512 591 3567 constructio.

470 3605 669 3663 Phaedrus.
711 3603 817 3674 Recte;
839 3604 895 3661 sed
917 3607 948 3661 et
967 3603 1020 3662 illa
1034 3620 1097 3662 non
1112 3605 1234 3677 oportet
1248 3620 1323 3678 neg·
1393 3631 1396 3637 ·

393 3700 506 3774 legere.
548 3701 670 3773 Alioqui
691 3716 753 3757 000
774 3699 874 3767 video,
906 3700 979 3773 quid
1004 3698 1120 3757 referat
1134 3697 1321 3761 Terentium.

393 3795 582 3860 Ciceronem.
616 3795 786 3869 Vergilium
818 3803 849 3853 et
881 3795 998 3853 similes
1030 3796 1119 3852 tanta
1149 3810 1225 3851 cura
1254 3794 1324 3851 sine

353 3907 378 3946 35
392 3891 456 3950 fine
478 3893 613 3959 tractari,
640 3892 749 3948 sinon
771 3891 843 3948 inde
866 3891 989 3963 aliquid,
1017 3889 1099 3963 quod
1120 3890 1170 3947 vel
1185 3889 1224 3947 ad
1238 3892 1325 3947 recte
