3409 4567
648 447 851 500 mosuntnNVS,
864 446 1060 492 Pnnuououm.

484 633 769 708 Ludimagister.
810 631 891 703 Quin
910 631 972 691 hue
993 628 1105 693 adest?

484 729 682 790 Pendulus
723 727 796 796 lam,
818 729 882 787 iam
902 728 1010 787 aderit.
1032 760 1071 770 -

484 825 628 885 Petrus.
679 823 781 892 Salve,
817 826 1003 899 praereptor
1042 823 1168 898 optime.
1218 822 1341 880 Avoeor

406 921 480 981 hina
499 921 532 980 in
553 920 686 995 patriam
707 919 797 977 seriis
817 921 984 994 parentum
998 935 1138 978 meorum
1153 917 1276 985 litteris
1298 919 1338 983 et,

381 1018 435 1076 esi
456 1032 518 1076 non
539 1030 696 1083 averaren
726 1014 798 1088 ipsa
818 1019 924 1074 tamen
955 1015 1037 1073 aeris
1059 1014 1186 1088 egestas
1212 1012 1339 1071 etitem

408 1111 534 1170 nuditas
555 1111 681 1170 domum
703 1110 830 1184 abigere
851 1125 901 1167 1116
918 1110 1058 1184 possent.
1099 1107 1205 1182 ltaque
1220 1106 1340 1182 gratias

408 1222 467 1281 ago
503 1204 559 1264 tibi
593 1203 794 1272 immortales,
833 1204 1112 1263 observantissime
1146 1204 1339 1278 praeceptor,

408 1300 490 1375 quod
510 1316 561 1360 me
581 1300 715 1374 primum
734 1299 767 1358 in
788 1300 875 1358 tuam
897 1298 1093 1373 disciplinam
1112 1297 1341 1357 humanissime

407 1395 547 1469 recipere
569 1394 715 1469 dignatus
742 1410 785 1461 es,
817 1394 930 1453 deinde
957 1396 1000 1453 'ex
1025 1410 1085 1469 quo
1116 1396 1189 1452 tuae
1214 1390 1340 1450 scholae

372 1499 395 1541 10
407 1486 453 1545 fui
474 1488 611 1545 sectator
631 1488 663 1545 et
683 1485 818 1545 fideliter
839 1488 870 1545 et
884 1488 1030 1545 accurate
1045 1489 1110 1552 tam
1124 1486 1235 1546 litteris
1249 1486 1340 1545 benis

408 1598 503 1656 quem
523 1580 617 1640 reetis
637 1582 775 1640 moribus
797 1581 934 1656 expolire
953 1581 1109 1640 studuisti.
1150 1580 1243 1640 Porro
1259 1582 1340 1656 quia,

408 1678 443 1735 ut
464 1676 534 1745 dixi,
556 1693 618 1735 non
639 1676 774 1751 amplius
787 1676 839 1734 hie
858 1676 972 1735 morari
993 1676 1073 1745 lieet,
1097 1693 1190 1751 quam
1210 1693 1340 1751 possum

409 1774 552 1831 amanter
577 1788 637 1841 oro,
665 1775 701 1830 ut
726 1789 788 1846 qua
811 1772 1007 1831 humanitate
1034 1788 1084 1830 me
1104 1772 1258 1832 haetenus
1279 1775 1340 1831 tra-

410 1868 510 1935 ctasti,
552 1867 661 1925 eadem
695 1869 727 1925 et
759 1866 914 1942 migrandi
947 1870 1137 1942 potestatem
1177 1867 1340 1927 concedas.

372 1973 395 2017 15
408 1960 540 2029 Etenim,
573 1962 710 2020 simodo
731 1962 763 2020 id
785 1978 863 2037 paee
883 1962 940 2021 fiet
961 1969 1024 2031 tua,
1057 1979 1126 2021 eras
1152 1963 1254 2037 prima
1272 1962 1342 2022 11106

409 2056 469 2115 iter
489 2072 598 2114 sumus
618 2056 802 2132 ingressuri.

487 2150 776 2227 Ludimagister.
827 2151 862 2211 Si
893 2151 966 2227 quid
997 2152 1067 2221 feei,
1103 2153 1186 2226 quod
1216 2154 1342 2227 gratum

411 2246 459 2313 sit,
485 2246 669 2306 adulescens
695 2247 844 2315 studiose,
873 2247 931 2306 hoe
956 2249 1056 2305 totum
1081 2264 1144 2305 non
1172 2246 1256 2311 mihi,
1286 2247 1342 2305 sed

410 2342 621 2417 praeceptoris
639 2341 743 2400 officie
758 2341 842 2401 feres
859 2344 1031 2416 acceptum.
1068 2340 1220 2410 Ceterum,
1245 2358 1341 2416 quan-

370 2437 448 2495 1000
475 2440 506 2496 te
531 2436 604 2495 hine
630 2440 795 2512 parentum
822 2436 936 2495 litteris
957 2437 1082 2496 avocari
1108 2436 1195 2504 dieis,
1222 2437 1272 2496 abi
1292 2453 1343 2495 me

340 2591 343 2599 ,
412 2532 612 2607 permittente
636 2532 726 2591 bonis
749 2533 870 2601 avibus,
893 2548 1089 2607 quocumque
1110 2536 1141 2591 te
1160 2532 1212 2591 vel
1232 2548 1343 2607 paren·

412 2631 460 2685 tes
482 2631 597 2686 vocant
617 2626 667 2687 vel
688 2627 805 2686 rectius
826 2626 935 2686 forsan
957 2626 1120 2685 consilium
1140 2626 1291 2686 hortatur.

488 2720 631 2781 Petrus.
673 2721 736 2781 Sed
757 2722 827 2781 illae
848 2739 911 2797 qua
931 2722 990 2782 iter
1011 2739 1081 2781 sum
1095 2721 1246 2790 facturus
1268 2723 1342 2781 ami-

414 2832 509 2875 cosne
530 2817 650 2892 aliquos
671 2818 778 2886 habes
810 2835 889 2893 quos
919 2818 1030 2876 litteris
1057 2818 1194 2877 salutare
1216 2814 1344 2893 eupias‘l

373 2925 398 2968 16
413 2910 667 2987 Quandoquidem
698 2912 767 2987 ipse
788 2912 967 2988 perferendi
989 2929 1068 2971 onus
1098 2913 1131 2971 in
1156 2929 1206 2972 me
1232 2913 1344 2971 lubens

412 3007 536 3082 recipio.

489 3100 777 3177 Ludimagister.
818 3101 888 3161 Non
908 3103 1088 3175 admodum3
1110 3108 1142 3162 et
1162 3107 1196 3162 ut
1211 3103 1344 3162 maxime

413 3197 569 3265 haberem,
612 3199 658 3275 tot
691 3199 797 3256 tamen
832 3198 901 3256 aliis
940 3198 1074 3273 negotiis
1100 3198 1132 3256 in
1166 3200 1345 3273 praesentia

413 3292 552 3351 districte
582 3292 719 3350 scribere
745 3308 807 3350 non
827 3298 964 3351 vacaret.
1006 3290 1106 3362 Quare
1128 3294 1170 3359 tu,
1203 3292 1284 3366 quod
1305 3293 1344 3352 ad

372 3387 534 3447 relitteres
556 3389 676 3457 attinet,
699 3405 831 3447 securus
853 3388 912 3448 iter
933 3388 1132 3456 destinatum,
1154 3390 1277 3462 quando
1299 3389 1344 3447 lu-

413 3484 474 3552 bet,
497 3501 635 3559 capesse.

490 3578 633 3638 Petrus
674 3578 759 3637 Bene
779 3578 858 3637 vale.
