3409 4567
702 490 852 535 DIALOGVS
867 489 1006 535 XVII—XIX.

673 673 900 740 DIALOGVS
924 674 1047 741 XVIII.

546 798 590 850 De
610 798 731 852 canticis
749 796 844 867 deque
863 796 944 851 feriis
963 795 1024 850 divi
1040 795 1168 850 Martini.

624 901 810 978 Georgius
831 904 867 960 et
888 900 1091 962 Conradus.

497 1021 691 1099 Georgius,
732 1022 809 1097 Age,
830 1023 874 1080 mi
895 1020 1045 1092 Conrado,
1067 1039 1126 1097 quo
1148 1022 1269 1082 cantico
1293 1039 1351 1098 per

394 1119 503 1178 ahane
528 1117 663 1177 hiemem
694 1118 807 1192 stipem
839 1114 1036 1194 ooHIgemus‘?
1076 1118 1199 1178 Etenim
1229 1118 1262 1176 in
1291 1118 1350 1176 hac

418 1214 494 1272 urbe
515 1229 583 1270 mos
604 1214 661 1279 est,
682 1213 719 1271 ut
733 1212 913 1271 scholastici
928 1214 1044 1289 aliquot
1059 1209 1248 1272 coniunctim
1269 1228 1349 1270 com·

418 1308 528 1383 positis
550 1308 582 1364 111
602 1306 662 1365 hoc
684 1308 847 1366 cantilenis
863 1308 994 1366 divitum
1010 1308 1153 1368 convivia
1167 1306 1349 1366 exhilarent.

497 1401 700 1461 Conradus
742 1402 841 1462 Tuum
875 1404 933 1461 hoc
958 1403 1058 1468 'fuerit
1083 1404 1264 1479 disquirere,
1297 1403 1350 1477 qui

418 1498 463 1556 161
493 1498 633 1556 musicae
653 1499 799 1572 peritiam
829 1499 927 1558 habes
954 1499 1068 1574 quique
1099 1499 1192 1558 huius
1224 1498 1350 1558 scholae

381 1609 406 1650 10
419 1594 530 1652 melius
552 1610 645 1667 quam
666 1610 724 1668 ego
746 1595 844 1653 tenes.

497 1687 691 1764 Georgius.
733 1687 861 1760 Quando
886 1691 919 1748 in
945 1707 995 1749 me
1016 1690 1098 1749 hanc
1120 1706 1227 1749 curam
1248 1689 1349 1756 reicis,

419 1784 535 1858 aliquid
555 1783 683 1841 minime
702 1784 832 1859 vulgare
853 1783 1025 1860 dispiciam.
1068 1785 1130 1844 Sed
1150 1786 1199 1844 die
1218 1785 1257 1844 ab
1277 1785 1350 1843 hinc

420 1882 529 1938 octavo
551 1878 625 1952 quid
644 1878 715 1937 fieri
736 1880 845 1947 soleat,
867 1877 971 1940 nosti‘i

495 1972 697 2032 Conradus
738 1971 909 2050 Dicquid?

382 2085 406 2126 15
498 2067 694 2144 Georgius.
735 2069 834 2128 Erunt
855 2072 921 2128 tum
936 2057 1036 2129 feriae
1047 2065 1275 2144 praecidaneae
1290 2068 1353 2126 divi

419 2164 551 2223 Martini.

499 2258 700 2319 Conradus.
742 2260 820 2332 Quid
840 2258 928 2319 tum?

499 2346 693 2429 Georgius.
733 2355 790 2413 Est
809 2358 885 2415 tunc
906 2356 1020 2415 messis
1042 2352 1352 2429 nobisscholasticis

420 2450 585 2519 uberrima,
608 2451 765 2525 siquidem.
792 2451 824 2508 in
851 2451 919 2509 eius
945 2451 1006 2509 diei
1026 2467 1160 2526 vespera
1180 2466 1244 2508 non
1266 2465 1352 2507 escu-

382 2560 408 2603 20
422 2547 507 2605 lenta
521 2545 622 2605 solum
637 2546 727 2604 nobis
742 2546 861 2620 largius
876 2547 966 2605 solito
982 2548 1104 2615 dantur,
1121 2546 1177 2604 sed
1192 2547 1224 2605 et
1238 2544 1353 2619 stipem

422 2641 531 2716 egenis
553 2640 619 2699 dari
640 2642 778 2700 ostiatim
799 2646 848 2700 est
869 2644 1040 2717 receptum.

498 2733 698 2795 Conradus.
729 2736 814 2795 Bene
828 2753 952 2795 mecum
966 2740 1085 2812 agetur,
1101 2735 1353 2811 quandoquidem
1446 2787 1449 2793 .

421 2847 619 2890 corrasurum
632 2848 682 2890 me
697 2849 798 2907 spero,
819 2848 880 2906 quo
895 2832 1029 2891 hiemem
1045 2832 1235 2891 commodius
1250 2832 1352 2890 trans·

419 2926 506 3000 igere
527 2926 657 2985 valeam.

382 3034 408 3077 25
502 3019 696 3095 Georgius.
730 3020 776 3080 lta
789 3037 881 3095 spero
898 3021 1039 3095 quidem3
1060 3038 1155 3097 quare
1175 3022 1214 3081 ad
1228 3022 1353 3097 tempus

420 3118 455 3174 ut
475 3119 600 3191 praesto
622 3115 675 3184 sis,
696 3116 775 3174 vide.

686 3364 914 3431 DIALOGVS
938 3365 1033 3430 XIX.

394 3503 439 3556 De
467 3504 568 3557 ieiunii
595 3504 705 3558 violata
736 3506 878 3574 religione
909 3504 1004 3575 deque
1035 3505 1121 3559 divae
1143 3504 1326 3569 Gatharinae,

619 3590 781 3645 studiorum
799 3592 950 3661 praesidis,
968 3594 1093 3645 numine.

382 3710 413 3752 ao-
646 3696 831 3755 Martinus
853 3700 889 3755 et
909 3697 1093 3756 Valerius

501 3817 691 3876 Martinus.
733 3797 811 3889 Quid
832 3819 911 3892 agis
934 3820 1072 3877 omnium
1091 3814 1323 3892 impurissime?

500 3912 683 3971 Valerius
725 3913 804 3985 Quid
830 3914 907 3972 adeo
932 3914 965 3971 in
986 3930 1036 3972 me
1057 3913 1273 3982 stomacharis,
1300 3913 1353 3988 qui
