3409 4567
694 505 843 550 Dratocvs
857 504 1022 549 xxx-xxxn.
1313 509 1350 567 39

497 690 682 750 Vrbanus.
736 692 777 749 At
812 691 934 765 quando
973 691 1107 764 agentur
1140 687 1350 749 ambarvaliai

420 786 470 845 Sic
492 787 575 846 enim
595 789 757 857 vocantur,
783 803 863 860 quae
884 786 967 860 apud
988 784 1130 843 ethnicos
1151 786 1241 843 erant
1261 784 1349 844 Robi-

420 884 503 957 galia
522 880 702 955 Paliliaque.

496 977 682 1036 Kilianus.
723 974 883 1034 Perendie.

392 1087 405 1129 5
498 1072 680 1131 Vrbanus.
710 1070 792 1129 Num
803 1071 836 1129 et
846 1088 903 1129 nos
915 1072 960 1129 eis
972 1071 1071 1129 sacris
1083 1071 1195 1129 adesse
1210 1070 1349 1145 oportet?

398 1220 402 1227 .
497 1167 680 1225 Kilianus
722 1166 865 1233 Maxime,
896 1166 1014 1240 pariter
1038 1168 1070 1224 et
1096 1166 1276 1224 clericorum
1303 1183 1349 1224 or-

418 1263 522 1320 dinem
543 1278 675 1320 omnem.

494 1356 677 1415 Vrbanus.
732 1357 773 1413 At
807 1356 891 1431 apud
925 1357 1081 1414 nostrates
1116 1355 1173 1413 soli
1207 1356 1349 1429 agrestes

418 1451 573 1511 sacrificio
595 1454 766 1527 praeeunte
788 1467 882 1526 agros
903 1451 1092 1523 obequitant.

380 1562 404 1603 ιο
494 1545 677 1605 Kilianus.
720 1545 804 1604 Suus
831 1547 942 1618 cuique
968 1545 1087 1619 regioni
1119 1548 1167 1604 est
1187 1562 1264 1613 mos,
1296 1548 1348 1619 qui

418 1658 474 1715 pro
496 1642 565 1716 lege
587 1644 636 1699 est
656 1641 829 1699 habendus.

658 1933 886 2000 DIALOGVS
909 1933 1054 1998 XXXII.

626 2073 835 2149 Leopoldus
857 2076 892 2132 et
913 2073 1084 2132 Severus.

368 2201 413 2257 De
443 2203 617 2273 spectaculis
642 2201 855 2257 comoediarum
879 2200 1152 2271 tragoediarumque
1178 2200 1348 2255 exhibendis

380 2296 404 2338 15
778 2289 953 2342 fabulantur.

494 2412 714 2486 Leopoldus
770 2409 848 2480 Scia,
891 2411 1015 2479 Severe,
1054 2427 1134 2485 quae
1168 2410 1349 2484 spectacula

420 2507 469 2564 die
496 2508 642 2575 crastino,
675 2509 727 2581 qui
753 2508 803 2587 est
819 2524 846 2565 a
866 2506 954 2565 feriis
980 2506 1186 2566 sacratissimi
1211 2505 1349 2580 corporis

418 2600 533 2660 Christi
554 2604 694 2670 octavus,
716 2603 766 2660 edi
788 2598 1028 2661 consueverint?

497 2696 669 2756 Severus
712 2696 768 2768 Qui
789 2698 858 2771 ipse
879 2698 959 2756 scire
979 2713 1114 2773 possem,
1138 2713 1208 2754 curn
1229 2694 1347 2769 superi·

378 2805 405 2847 20
420 2793 464 2850 ori
486 2808 568 2850 anno
590 2809 652 2850 non
673 2789 844 2851 adfuerim?

495 2886 715 2962 Leopoldus.
757 2887 798 2945 At
819 2887 949 2946 audisse
967 2904 1004 2946 ex
1025 2886 1093 2945 aliis
1115 2887 1250 2961 poteras

493 2981 666 3040 Severus,
719 2982 804 3053 Quae
835 2982 874 3040 ad
909 2999 958 3040 me
991 2998 1103 3056 parum
1134 2982 1276 3048 attinent,
1311 2996 1349 3038 ea
1422 3041 1424 3045 ,

416 3093 478 3134 non
499 3094 690 3153 magnopere
710 3077 794 3135 soleo
816 3079 987 3151 exquirere.
1023 3076 1085 3135 Sed
1106 3077 1163 3145 dic,
1186 3091 1254 3134 oro:
1275 3074 1348 3149 quid

416 3172 542 3230 tandem
564 3174 620 3239 est,
643 3174 725 3246 quod
744 3169 863 3230 iactas?

384 3280 446 3333 [Dia]
497 3266 713 3341 Leopoldus.
749 3267 952 3341 Tragoediam
970 3283 1018 3324 eo·
1038 3265 1041 3341 l
1060 3284 1128 3325 rum
1144 3265 1346 3331 cruciatuum,

417 3378 494 3435 quos
523 3379 578 3436 pro
610 3363 700 3421 nobis
729 3363 801 3421 tulit
831 3364 973 3421 servator
994 3361 1145 3428 Christus
1178 3361 1347 3418 histriones

417 3461 525 3532 agent;
541 3449 616 3515 sunt
637 3460 719 3516 enim
741 3458 778 3516 ad
800 3458 859 3516 hoc
880 3457 992 3515 delecti
1013 3458 1138 3531 aliquot.

495 3551 667 3610 Severus
708 3551 829 3622 Quaeso
852 3554 896 3609 te:
919 3551 1062 3609 omnibus
1083 3552 1177 3610 etiam
1199 3551 1347 3610 adhibitis

416 3644 579 3721 personis?

375 3755 402 3796 oo
495 3740 713 3816 Leopoldus.
756 3740 907 3800 Omnibus
928 3743 1062 3799 omnino.

496 3837 669 3896 Severus.
710 3836 780 3911 lpse
801 3838 833 3896 in
855 3838 914 3896 hac
929 3838 1035 3895 fabula
1048 3836 1172 3894 mallem
1187 3836 1347 3895 durissimi

416 3932 522 3990 militis
549 3935 603 3991 aut
628 3932 785 4012 carnificIs
807 3950 973 4008 porsonam
995 3948 1105 4007 gerere
1132 3949 1225 4005 quarn
1245 3932 1345 4007 ipsius
