3409 4567
724 474 981 547 nmiocvsvivri.
1308 480 1344 536 13

408 661 531 735 petrare
550 660 647 734 potui,
668 660 705 718 ut
725 675 781 734 pro
801 657 917 717 locario
938 660 1056 718 statuto
1070 658 1147 718 mihi
1160 660 1297 735 angulus
1312 660 1344 718 in

408 756 480 813 ludo
509 754 680 831 locaretur3
703 755 821 814 victum
850 770 935 822 vero,
967 755 1090 828 quando
1117 755 1270 829 pecuniae
1295 758 1344 814 θεῖ

407 866 527 925 parum,
543 850 679 910 ostiatim
693 849 884 909 emendicari
895 850 1058 925 oportebit,
1069 850 1132 908 nisi
1141 849 1221 910 forte
1235 850 1344 909 melior

407 946 483 1004 mihi
502 944 628 1005 fortuna
647 944 779 1021 posthac
800 945 968 1003 obvenerit.
1009 944 1057 1004 'lu
1077 947 1183 1005 autem
1203 944 1278 1004 felix
1299 961 1342 1006 es.

380 1042 450 1100 emi
468 1041 609 1115 losephe,
631 1042 682 1100 cui
702 1043 849 1116 parentes
871 1041 994 1100 tantum
1015 1042 1176 1115 sumptum
1197 1040 1342 1115 suppedi-

408 1138 474 1195 tare
489 1135 660 1204 sufficiunt,
682 1137 834 1210 quantum
849 1135 889 1194 ad
903 1136 1077 1194 studiorum
1093 1135 1342 1194 commoditatem

407 1234 456 1291 est
476 1232 563 1290 satis,

483 1327 675 1401 Iosephus.
725 1326 788 1393 Est,
821 1327 880 1385 diis
906 1328 1016 1402 gratia,
1048 1326 1131 1385 unde
1156 1326 1235 1385 haec
1260 1342 1341 1384 com·

369 1436 434 1489 iere}
457 1423 549 1481 moda
562 1422 638 1481 mihi
651 1439 769 1498 parem,
801 1422 805 1498 Ι
844 1423 899 1481 sed
920 1438 980 1498 quo
1002 1423 1093 1497 plura
1112 1422 1188 1480 mibi
1209 1423 1282 1479 sunt
1303 1420 1343 1479 ad

285 1499 290 1510 ⁶
368 1531 393 1573 10
406 1517 588 1593 disciplinas
602 1518 758 1593 parandas
770 1518 940 1586 commoda,
953 1534 989 1577 eo
1000 1518 1068 1591 ipso
1080 1517 1215 1592 graviori
1228 1516 1341 1591 dignus

406 1630 510 1672 essem
542 1614 623 1681 odio,
656 1614 682 1672 si
715 1631 777 1672 non
804 1614 876 1688 plus
901 1629 995 1687 quam
1019 1614 1161 1671 vestrum
1186 1612 1341 1685 quispiam

406 1709 549 1768 didicero.
591 1710 738 1767 Attamen
764 1726 822 1767 nec
846 1726 902 1767 vos
929 1708 967 1767 de
991 1708 1139 1767 mediocri
1167 1706 1340 1765 studiorum

404 1806 581 1862 vestrorum
608 1803 752 1879 profectu
773 1805 940 1878 desperare
963 1804 1060 1872 decet,
1091 1801 1338 1877 quandoquidem

405 1901 529 1958 constat
561 1899 677 1957 multos
708 1899 816 1958 humili
847 1901 938 1958 natos
969 1898 1036 1958 loco
1067 1899 1107 1957 ad
1136 1898 1215 1957 haec
1246 1895 1340 1954 nullis

366 2009 391 2050 15
405 1996 530 2053 omnino
551 1994 696 2053 fortunae
718 1994 842 2052 dotibus
864 1983 987 2052 adiutos
1002 1994 1042 2051 ad
1057 1992 1238 2051 eruditionis
1253 1990 1339 2049 fasti·

404 2090 490 2164 glum
514 2090 705 2149 ascendisse.
746 2090 794 2147 An
815 2106 878 2148 non
899 2087 1097 2147 Democritus
1118 2087 1169 2146 ille
1189 2086 1340 2161 physicus

404 2200 442 2242 ex
466 2184 569 2243 baiulo
594 2184 697 2243 factus
724 2186 772 2243 est
803 2180 1028 2259 philosophus?
1069 2182 1137 2241 Non
1163 2179 1339 2248 Cleanthes,

404 2280 492 2337 cuius
513 2281 547 2337 tu
567 2296 681 2338 nomen
702 2279 811 2347 refers,
833 2280 923 2353 aquis
944 2281 1039 2338 noctu
1058 2277 1239 2337 hauriendis
1258 2276 1338 2333 diur-

370 2375 373 2379 ’
402 2391 478 2432 num
503 2376 621 2433 victum
639 2374 705 2434 ‚sibi
732 2371 906 2448 quaesivit‘.2
945 2373 985 2433 Et
1011 2390 1104 2447 quem
1125 2372 1264 2431 Stoicum
1289 2371 1339 2430 hic

362 2483 464 2528 conon
490 2466 655 2543 aequavit?
687 2469 748 2529 Sed
774 2472 804 2528 et
824 2469 954 2528 Plautus
979 2469 1062 2527 inter
1082 2469 1167 2542 ipsos
1188 2467 1339 2542 pistrinae

401 2564 550 2623 molestos
575 2565 698 2624 labores
724 2565 957 2624 laudatissimas
978 2565 1048 2622 illas
1070 2563 1245 2622 comoedias
1267 2580 1337 2621 con-

401 2659 537 2733 scripsit.

479 2754 693 2815 Cleanthes
751 2756 807 2815 His
837 2758 869 2814 θῖ
900 2754 1051 2815 eiusmodi
1077 2754 1146 2813 aliis
1186 2754 1336 2828 exemplis

400 2850 557 2909 animatus
575 2852 607 2909 in
623 2851 736 2909 studiis
751 2866 933 2925 persevero:
949 2850 1062 2923 alioqui
1076 2866 1126 2907 me
1140 2849 1203 2907 iam
1217 2849 1337 2923 pridem

359 2958 387 2999 25
401 2945 440 3003 ad
450 2946 647 3004 manuarium
658 2946 783 3020 aliquod
793 2945 960 3005 artificium
967 2944 1209 3004 transtulissem.
1225 2943 1336 3015 Quam·

400 3056 493 3113 quam
508 3042 582 3099 sunt
594 3041 655 3099 mei
671 3041 787 3099 ordinis
800 3042 941 3115 plerique
962 3040 1180 3099 adulescentes
1201 3040 1235 3098 in
1255 3040 1335 3097 ludis

398 3135 499 3209 magis
530 3137 750 3210 putrescentes
782 3152 876 3210 quam
908 3136 1072 3194 studentes
1107 3135 1184 3193 adeo
1219 3134 1336 3193 infelici

398 3230 534 3304 ingenio,
560 3232 595 3288 ut
616 3231 655 3289 ad
675 3230 778 3289 nullas
799 3231 920 3289 litteras
942 3231 1007 3288 sint
1027 3230 1176 3305 appositi;
1207 3230 1239 3288 hi
1260 3230 1335 3288 milri

398 3324 475 3383 nulli
505 3325 557 3383 alii
587 3325 660 3383 usui
691 3341 762 3383 esse
783 3326 930 3384 videntur
959 3326 991 3383 in
1020 3325 1210 3387 civitatibus.
1242 3341 1335 3398 quam

357 3433 385 3475 ao
399 3421 480 3492 quod
501 3420 579 3478 alios
600 3420 769 3487 mendicos
792 3421 865 3478 dum
884 3420 929 3478 eis
944 3436 1058 3495 panem
1072 3421 1274 3495 praeripiunt,
1297 3437 1335 3478 ex

398 3514 528 3572 urbibus
549 3514 682 3588 pellunt:
704 3515 743 3573 iis
758 3531 816 3589 ego
832 3514 1036 3584 consulerem,
1058 3518 1094 3574 ut
1108 3532 1142 3573 se
1157 3517 1197 3573 ad
1211 3515 1335 3589 aliquod

398 3609 482 3667 aliud
503 3611 643 3668 studium
664 3610 866 3684 applicarent.

473 3704 665 3779 Iosephus.
706 3705 804 3764 Probe
826 3707 912 3774 dicis
941 3709 983 3765 mi
1005 3706 1190 3778 Cleanthes3
1212 3724 1285 3766 nam
1306 3710 1333 3766 si

397 3815 505 3857 omnes
530 3800 683 3858 eiusmodi
698 3803 806 3859 essent
819 3802 946 3876 ingenio
961 3803 1095 3876 praediti
1116 3803 1200 3876 quali
1220 3805 1261 3871 tu,
1288 3803 1331 3862 1ο·

355 3906 383 3949 a
396 3895 516 3952 vendes
535 3895 635 3954 modis
657 3896 801 3955 omnibus
822 3898 975 3971 putarem.
1017 3895 1118 3966 Certe,
1141 3899 1223 3971 quod
1243 3899 1283 3957 ad
1302 3902 1332 3957 te
