3409 4567
704 464 957 508 urarocvsx-xn.
1291 466 1326 523 19

393 647 574 707 facultatem
599 648 681 707 hanc
702 649 788 707 dabit
813 652 846 707 et
871 650 985 724 alioqui
1010 649 1101 723 pauci
1122 648 1183 707 iarn
1204 646 1327 716 adsunt,

395 744 447 818 qui
467 760 612 818 pompam
632 746 800 803 instruant.
1179 820 1180 824 Ἰ

473 837 653 898 Clemens.
712 839 910 899 Tentandum
948 841 1010 909 est,
1059 842 1229 915 utcumque
1277 856 1328 898 res

395 936 499 1007 exeat3
526 952 562 993 ac
583 936 689 993 nescio
715 936 866 1009 quomodo
894 936 953 994 hac
975 936 1023 994 die
1044 937 1119 994 mihi
1139 952 1264 1010 semper
1284 938 1329 993 in-

355 1044 369 1085 5
395 1032 497 1088 visum
532 1032 582 1088 est
615 1030 739 1088 scholas
773 1032 858 1089 adire
889 1048 951 1089 non
982 1033 1085 1089 minus
1117 1047 1210 1105 quam
1241 1032 1267 1088 si
1298 1032 1330 1088 in

395 1126 562 1199 pistrinum
583 1125 707 1199 aliquod
727 1126 803 1185 mihi
823 1126 865 1184 sit
885 1126 1086 1186 redeundum.
1121 1116 1227 1194 Credo,
1250 1126 1331 1201 quod

395 1220 528 1294 pridiani
554 1221 608 1279 otii
634 1238 749 1280 sensus
775 1222 877 1280 adhuc
898 1222 1037 1296 reliquus
1059 1223 1103 1281 sic
1124 1222 1331 1281 reluctantem

395 1315 499 1375 iaciat.

673 1601 901 1668 DIALOGVS
924 1601 1000 1668 XII.

354 1718 386 1790 'ro
607 1742 851 1801 Burchardus
874 1746 909 1800 et
929 1742 1098 1802 Albinus.

521 1872 567 1926 De
585 1873 703 1941 nuptiis,
722 1872 836 1925 balneis
855 1888 888 1926 ac
906 1873 1157 1926 viscerationibus.

477 2003 729 2063 Burchardus
783 2004 915 2078 Nuptias
950 2004 1041 2063 hodie
1075 2003 1198 2063 futuras
1239 2008 1333 2071 aiunt,

400 2099 520 2168 Albine,
541 2101 576 2158 tu
597 2101 755 2173 quippiam
775 2115 813 2157 ea
834 2100 872 2157 de
893 2115 927 2158 re
949 2095 1081 2157 audisti?

479 2194 644 2254 Albinus
686 2195 807 2253 Audivi.

363 2305 388 2346 15
477 2289 725 2349 Burchardus.
771 2289 883 2349 Danda
910 2292 959 2348 est
984 2306 1087 2364 opera,
1117 2290 1153 2347 ut
1178 2293 1208 2348 et
1233 2306 1291 2348 nos
1318 2307 1336 2348 c

401 2386 592 2459 nuptialibus
615 2387 691 2444 cibis
713 2386 829 2460 aliquid
849 2386 1057 2460 acquiramus.
1153 2409 1158 2419 ·

479 2481 645 2541 Albinus
688 2480 775 2552 Quod
800 2482 839 2539 ad
865 2482 967 2539 cibum
993 2481 1112 2547 attinet,
1143 2479 1234 2538 hodie
1260 2479 1337 2538 nihil

402 2591 518 2635 moror:
550 2577 616 2635 heri
642 2577 725 2635 enim
750 2576 826 2635 mibi
850 2576 1006 2650 prospexi,
1037 2575 1120 2633 unde
1145 2574 1229 2632 hunc
1255 2574 1337 2633 diem

404 2671 562 2730 commode
582 2671 674 2730 liceat
694 2672 884 2745 transigere;
909 2670 965 2728 sed
986 2669 1067 2743 quod
1088 2669 1255 2744 aprandio
1277 2670 1336 2727 sal-

363 2767 551 2824 rotationem
571 2769 603 2824 in
624 2767 745 2825 theatro
766 2768 910 2841 spectare
931 2782 994 2824 non
1014 2781 1153 2839 possum,
1184 2764 1243 2823 hoc
1263 2781 1337 2823 vero

404 2864 461 2929 est,
483 2862 564 2936 quod
585 2879 634 2921 me
655 2863 736 2921 male
756 2862 860 2920 habet.

481 2956 730 3016 Burchardus
757 2957 799 3015 At
813 2957 887 3031 quid
897 2957 991 3023 vetat,
1007 2972 1067 3031 quo
1078 2957 1182 3014 minus
1195 2951 1339 3030 spectes‘l

481 3050 649 3108 Albinus,
692 3050 821 3124 Ignoras
846 3048 954 3107 forsan
978 3050 1011 3107 in
1035 3049 1119 3108 hunc
1145 3049 1224 3107 diem
1249 3050 1339 3108 nobis

404 3147 447 3221 pii
475 3146 648 3220 cuiuspiam
672 3144 824 3203 beneficio
848 3146 978 3203 balneas
1009 3145 1143 3218 gratuito
1166 3144 1339 3215 condictas;

366 3260 425 3303 asa
445 3243 557 3317 quibus
576 3241 688 3299 abesse
710 3242 885 3300 saltationis
907 3239 1096 3315 spectandae
1117 3239 1219 3297 studio
1241 3256 1281 3297 an
1306 3248 1340 3297 tu

405 3341 498 3414 putas
519 3337 586 3396 iore
608 3333 804 3395 consultum?

483 3433 735 3492 Burchardus,
762 3432 853 3491 Vide:
869 3433 930 3489 nisi
944 3431 1191 3495 submonuisses‚
1214 3429 1340 3502 egregie

406 3532 537 3589 iuissem
568 3530 690 3596 oblitus,
726 3544 828 3601 neque
858 3528 998 3585 venisset
1023 3528 1055 3584 in
1080 3529 1217 3583 mentem
1241 3525 1339 3581 visce-

407 3625 544 3693 rationis,
576 3642 656 3699 quae
681 3625 807 3698 etipsa
832 3624 864 3681 in
889 3622 1073 3680 hodiernum
1097 3621 1178 3678 diem
1199 3622 1248 3678 est
1270 3636 1339 3677 con-

368 3723 526 3780 oostituta.
573 3721 706 3779 Valeant
736 3719 863 3793 nuptiae
895 3735 965 3776 cum
996 3733 1111 3790 sponso
1143 3732 1179 3773 ac
1211 3731 1340 3788 sponsa;

370 3823 431 3877 [see]
461 3834 518 3875 nos
540 3833 619 3891 quae
638 3815 641 3891 l
659 3817 787 3890 propius
809 3815 848 3871 ad
869 3831 926 3872 nos
942 3814 1097 3887 pertinent
1118 3826 1272 3869 curemus.

802 3964 954 3971 -...-..——-

1155 3988 1186 4043 2ss
