3409 4567
609 444 758 488 Dmfoovs
772 446 797 487 X.
811 446 908 489 XXXVII
929 445 1005 499 (1520).
1258 449 1294 505 47

441 631 703 708 Pandulphus.
754 629 969 689 Scholasticus
1003 631 1138 704 quidam,
1171 631 1296 689 nomine

363 727 581 801 Hieronymus
602 728 658 786 tibi
679 726 876 786 familiariter
895 728 998 795 notus,
1021 726 1074 799 qui
1095 728 1135 794 te,
1157 726 1184 783 si
1205 726 1295 783 modo

364 822 588 898 tempestivum
609 825 666 891 est,
689 838 794 881 coram
815 821 930 894 alloqui
951 821 1045 895 cupit.

440 917 729 993 Ludimagister.
770 916 1011 987 intromittatur3
1032 916 1095 975 iam
1110 932 1202 984 nunc,
1222 915 1296 989 quid

336 1014 448 1072 evelit.
471 1013 598 1071 conicio.
1003 996 1005 1002 ¹

440 1107 696 1182 Hieronymus
739 1105 841 1175 Salve,
857 1106 1083 1165 humanissime
1102 1108 1295 1181 praeceptor.

440 1202 732 1277 Ludimagister.
773 1200 813 1259 Et
833 1202 868 1259 tu
889 1202 995 1260 salvus
1016 1202 1069 1271 sis,
1087 1201 1207 1275 ¹optime
1221 1200 1294 1259 adu·

362 1299 497 1356 lesccns
535 1296 596 1355 Sed
618 1296 692 1370 quid
714 1298 771 1363 est,
793 1296 875 1369 quod
897 1312 946 1355 me
967 1293 1066 1355 velis?

440 1391 698 1465 Hieronymus.
721 1390 831 1449 Paucis
844 1391 954 1449 dicam.
972 1390 1049 1463 Quia
1062 1392 1125 1450 iam
1136 1390 1294 1449 biennium

325 1504 350 1545 ro
363 1491 394 1546 te
406 1489 438 1545 in
453 1486 512 1545 hoc
527 1487 598 1545 ludo
614 1487 779 1545 docentem
793 1487 908 1554 audivi,
924 1488 1087 1562 utriusque
1102 1487 1296 1545 litteraturae

362 1582 463 1657 prima
476 1584 654 1641 rudimenta
668 1583 722 1639 tua
736 1598 795 1656 ope
810 1583 980 1656 utcumque
994 1582 1134 1657 percepi;
1155 1581 1298 1639 hortatur

364 1694 446 1736 nunc
473 1694 523 1736 me
549 1679 616 1735 tum
640 1692 757 1751 parens
789 1678 856 1735 tum
884 1678 979 1735 etiam
1004 1676 1083 1735 haee
1110 1693 1180 1735 mea
1210 1678 1296 1734 aetas

363 1773 522 1841 maturior,
545 1774 581 1830 ut
601 1771 674 1830 hinc
695 1772 727 1831 in
750 1773 943 1831 academiam
965 1773 1101 1847 aliquam
1122 1773 1162 1831 ad
1175 1772 1296 1830 uberio-

364 1884 430 1925 rem
450 1867 570 1943 ingenii
592 1867 710 1925 cultum
733 1867 921 1942 capiendum
947 1884 996 1925 me
1024 1866 1191 1926 conferam.
1233 1866 1297 1926 Hoc

326 1976 351 2018 15
365 1964 400 2021 ut
420 1961 543 2021 felicius
564 1961 687 2029 faciam,
710 1964 763 2021 tuo
785 1963 915 2021 consilio
937 1980 1016 2038 opus
1038 1964 1101 2033 est;
1124 1979 1196 2021 nam
1217 1963 1299 2019 inter
1353 1947 1356 1951 ’

365 2061 419 2127 tot,
444 2061 480 2117 ut
504 2060 628 2127 vocant,
661 2058 895 2126 universitates,
927 2059 1003 2131 quot
1032 2058 1095 2116 iam
1121 2057 1193 2115 olim
1224 2059 1298 2115 sunt

363 2154 527 2213 institutae
555 2159 587 2212 et
613 2153 704 2212 hodie
729 2155 850 2229 passim
876 2170 976 2212 novae
1002 2153 1191 2221 exoriuntur,
1223 2152 1296 2210 mihi

366 2249 519 2308 eiusmodi
537 2266 644 2308 rerum
665 2249 776 2323 ignaro
797 2248 926 2307 difficile
946 2249 1040 2324 plane
1055 2250 1103 2307 est
1118 2248 1195 2317 elue,
1218 2264 1297 2323 quae

363 2345 502 2403 omnium
533 2345 574 2403 sit
599 2345 847 2402 instructissima
878 2347 909 2403 et
934 2346 1012 2403 meis
1038 2344 1151 2403 studiis
1177 2360 1295 2402 accom-

322 2439 584 2508 mmodatissima,
608 2440 765 2499 delectum
786 2441 910 2500 habere.

329 2603 331 2607 Α
440 2534 731 2610 Ludimagister.
775 2535 949 2595 Prudenter
970 2536 1021 2593 hic
1042 2536 1204 2603 deliberes
1226 2533 1295 2592 Hie-

362 2647 500 2703 ronymo.
543 2629 624 2689 Sunt
644 2632 823 2690 academiae
849 2632 942 2705 idque
968 2633 1000 2690 in
1022 2630 1195 2698 Germania,
1218 2645 1296 2703 quas

363 2724 568 2783 vehementer
589 2726 728 2800 probem,
761 2731 835 2784 sunt
866 2728 949 2795 item,
984 2743 1061 2801 quas
1093 2727 1217 2801 cupiam
1247 2725 1297 2783 vel

365 2820 491 2877 omnino
513 2835 575 2877 non
602 2838 673 2879 esse
694 2822 745 2879 vel
770 2822 802 2880 in
824 2823 924 2880 totum
945 2822 1110 2880 immutari.
1152 2820 1193 2878 Vt
1213 2820 1296 2879 enim

327 2915 398 2973 ain
429 2931 463 2973 re
488 2915 614 2973 militari
645 2917 716 2974 duci
750 2917 811 2975 dux
843 2919 874 2975 et
905 2917 994 2975 militi
1019 2916 1118 2984 miles,
1150 2918 1186 2973 ut
1211 2916 1241 2999 in
1263 2931 1296 2973 re

337 3023 395 3077 [Eia]
418 3010 543 3085 publica
557 3012 684 3069 senator
697 3013 835 3071 senatori
850 3014 882 3071 et
896 3013 956 3071 civi
971 3013 1056 3079 civis,
1073 3011 1184 3070 artifex
1202 3009 1205 3087 l
1225 3010 1295 3069 arti·

366 3105 428 3164 fici.
460 3106 496 3163 ut
521 3088 924 3179 deniquehomo'homini,
956 3106 1001 3163 sic
1026 3105 1134 3163 schola
1162 3104 1295 3165 scholae.

363 3201 471 3259 doctor
497 3201 623 3264 doctori,
655 3202 807 3275 magister
836 3202 988 3275 magistro
1019 3202 1168 3276 praestat.
1210 3198 1296 3270 Quod

363 3296 530 3355 discrimen
562 3298 614 3369 qui
645 3314 707 3355 non
730 3297 874 3364 advertit,
903 3314 1029 3370 operam
1061 3301 1092 3355 et
1118 3297 1229 3362 oleum,
1261 3301 1296 3354 ut

323 3392 458 3458 eoaiunt,
488 3392 671 3467 plerumque
702 3393 812 3467 perdit.
848 3393 951 3465 Atque
972 3394 1007 3450 ut
1028 3394 1147 3450 certum
1170 3391 1294 3465 aliquid,

363 3488 444 3558 quod
478 3488 528 3545 hic
562 3488 714 3561 sequaris,
751 3488 877 3551 habeas,
916 3488 948 3546 in
983 3488 1042 3546 hac
1070 3488 1295 3546 deliberatione

362 3583 569 3655 spectandum
599 3584 666 3649 erit,
700 3600 763 3641 non
799 3599 879 3657 quae
913 3583 1093 3658 magnificis
1128 3582 1293 3643 aedificiis

361 3678 487 3735 temetsi
508 3685 539 3736 et
560 3678 638 3737 haec
659 3679 780 3737 decoris
802 3678 917 3752 aliquid
939 3680 1066 3742 addunt.
1089 3680 1145 3737 sed
1168 3679 1294 3753 optimis

362 3774 463 3831 omnis
497 3775 622 3848 generis
663 3776 921 3849 praeceptoribus
961 3776 1002 3832 sit
1041 3775 1293 3833 instructissima.

322 3868 507 3938 eePrimum,
534 3885 613 3941 quae
639 3870 733 3927 trium
759 3871 939 3945 linguarum
960 3870 1156 3946 professores
1182 3871 1295 3929 habeat
