3409 4567
649 475 851 525 MOSELLANVS,
866 475 1064 519 PAEDOLOGIA.

416 661 537 728 attinet,
565 678 657 737 spero
684 677 781 736 prope
803 661 885 720 diem
906 661 962 720 tibi
981 660 1140 719 meliorem
1161 660 1227 718 iore
1249 660 1351 719 condi·

417 756 544 824 cionem,
560 772 673 831 nempe
682 756 719 814 ut
729 756 813 831 epud
824 756 924 816 civem
935 756 1191 830 quempiam-cui
1209 771 1351 813 nonnun-

416 866 510 924 quam
530 851 694 918 inservias,
717 866 840 909 omnem
855 851 1029 910 studiorum
1044 850 1293 909 commoditatem
1307 850 1352 908 sis

416 945 588 1004 habiturus.

389 1053 403 1095 5
494 1040 708 1100 Cleanthes.
749 1040 875 1100 Vtinam
896 1039 982 1099 Deus
1001 1040 1047 1099 ita
1066 1037 1156 1099 faxit!

493 1136 688 1212 losephus.
734 1135 837 1208 Faxit3
869 1152 909 1194 ne
941 1136 1048 1194 dubita
1078 1137 1109 1195 et
1139 1136 1171 1193 in
1196 1135 1255 1194 hoc
1282 1150 1352 1193 mea

417 1232 684 1290 commendatione
704 1232 861 1290 iuvabora.

697 1633 925 1700 DIALOGVS
949 1634 1036 1699 VIII.

623 1794 791 1852 Andreas
819 1810 860 1852 ac
881 1791 1091 1867 Philippus.

378 1929 402 1970 10
563 1922 608 1977 De
627 1922 774 1976 vindemia
792 1928 823 1975 et
841 1923 965 1992 aucupio
979 1922 1144 1992 loquuntur.

494 2080 670 2140 Andreas.
704 2079 839 2147 Vtinam,
861 2081 904 2137 mi
916 2078 1067 2155 Philippo,
1089 2079 1151 2138 iam
1172 2078 1254 2136 domi
1268 2079 1353 2153 apud

415 2176 562 2249 parentes
584 2173 763 2250 ageremus!

492 2269 697 2344 Philippus.
741 2268 819 2340 Quid
839 2267 903 2328 ital

493 2364 669 2423 Andreas
704 2365 828 2440 Rogas?
856 2363 1069 2423 Imminetiam
1084 2362 1260 2422 vindemiae
1274 2364 1350 2422 tem-

379 2475 402 2516 15
417 2477 485 2534 pus,
508 2477 568 2534 quo
583 2460 703 2518 nullum
717 2463 781 2518 toto
797 2477 878 2519 anno
894 2459 1086 2518 nostratibus
1102 2459 1214 2518 accidit
1228 2459 1351 2518 laetius.

493 2554 698 2628 Philippus
741 2553 819 2625 Quid
839 2570 897 2629 ego
919 2550 1029 2613 audio?
1050 2552 1137 2611 Tune
1159 2553 1251 2611 simul
1272 2552 1349 2610 vini·

415 2653 514 2708 torem
535 2650 582 2707 vis
604 2666 698 2725 agere
720 2651 751 2708 et
770 2649 945 2709 litterarum
966 2644 1133 2707 cultorem?

492 2744 669 2804 Andreas.
700 2745 804 2803 Animi
826 2761 923 2804 eausa
944 2761 1084 2803 racemos
1100 2744 1350 2817 decerperemus,

415 2841 653 2916 degustaremus
679 2858 695 2900 e
721 2842 791 2899 lacu
817 2844 968 2911 mustum;
999 2855 1101 2913 neque
1127 2841 1209 2897 enim
1235 2839 1351 2897 diutius

374 2950 401 2993 ao
414 2937 526 2995 abesse
557 2939 706 3010 optarem,
739 2953 832 3010 quam
864 2938 1000 2994 mustum
1021 2937 1053 2993 in
1079 2935 1161 2994 dolia
1192 2934 1351 2992 conditum

416 3030 624 3090 deferbuisset
645 3032 938 3106 despumassetque;
959 3031 1091 3089 adhaec
1106 3031 1351 3104 decoqueremus

415 3143 531 3199 sapam,
565 3127 720 3185 defrutum
741 3144 777 3185 ac
797 3128 862 3184 vini
877 3128 991 3185 veteris
1015 3126 1145 3185 faecem.
1177 3124 1254 3196 Quid
1269 3125 1351 3200 quod

415 3222 503 3279 nobis
535 3223 642 3281 liceret
673 3226 703 3280 et
733 3224 865 3298 aucupio
897 3222 1091 3298 voluptatem
1119 3237 1278 3296 quaerere,
1310 3221 1350 3278 si-

415 3317 538 3390 quidem
563 3318 707 3375 volucres
733 3320 931 3391 captaramus
957 3320 1018 3377 iam
1039 3318 1156 3375 retibus
1179 3316 1350 3391 explicatis,

375 3427 401 3468 25
416 3415 476 3470 iam
506 3411 623 3485 pedicis
654 3412 734 3480 fixis
767 3430 989 3486 nonnunquam
1021 3429 1095 3471 varo
1126 3416 1156 3470 et
1182 3412 1350 3470 viminibus

415 3510 500 3565 visco
522 3506 620 3565 illitis!

491 3601 697 3678 Philippus.
727 3601 814 3661 Sine:
833 3605 982 3676 parentes
998 3602 1109 3660 harum
1123 3618 1228 3659 rerum
1243 3618 1351 3660 curam

414 3702 538 3770 gerant;
560 3700 603 3759 tu.
626 3699 651 3754 si
674 3699 768 3771 sapis,
791 3698 822 3754 in
844 3696 953 3754 littaris
976 3699 1006 3755 te
1029 3695 1163 3755 oblecta!

492 3793 672 3850 Andreas.
713 3792 805 3865 Atqui
831 3792 935 3850 audivi
957 3809 1089 3866 magnos
1110 3793 1194 3850 viros
1216 3794 1247 3850 in
1268 3794 1350 3851 eius·

373 3901 400 3942 ao
415 3888 494 3944 modi
518 3888 643 3945 rusticis
665 3888 758 3950 rebus
780 3887 1018 3946 oblectationem
1039 3889 1241 3962 quaesivisse.
