3409 4567
655 458 857 510 uosnmanvs.
871 434 1070 504 prenomen.

682 636 910 707 DIALOGVS
933 642 1040 708 XVII.

685 789 819 850 Petrus
840 793 877 850 et
897 789 1043 851 Paulus.

397 926 534 982 Graviter
553 925 651 980 ferunt
678 925 853 981 desiderium
877 927 1014 982 feriarum
1043 928 1138 998 deque
1165 932 1261 1000 eapite
1286 930 1326 984 la·

757 1013 854 1068 vando
867 1020 967 1085 agunt.

396 1159 409 1201 5
500 1143 647 1203 Petrus.
690 1143 789 1215 Quam
809 1147 922 1206 vellem
952 1148 1036 1207 huno
1061 1149 1142 1208 diem
1163 1150 1287 1219 abiisse,
1319 1152 1356 1209 ut

424 1257 442 1299 a
463 1243 508 1298 tot
530 1239 626 1297 totius
648 1241 843 1314 septimanae
865 1242 1023 1302 laboribus
1045 1245 1139 1318 atque
1160 1245 1254 1304 etiam
1268 1246 1355 1305 bidui

422 1335 506 1395 fame
527 1335 567 1394 ad
586 1334 682 1394 ferias
704 1335 828 1394 demum
850 1339 882 1396 et
903 1354 1014 1397 carnes
1034 1339 1127 1399 iioeat
1147 1338 1262 1399 redire!

499 1430 644 1490 Paulus.
682 1430 855 1504 Impatiens
887 1447 920 1489 es
952 1447 1065 1499 morae,
1097 1430 1139 1489 mi
1160 1430 1258 1501 Petre‚
1291 1435 1353 1509 qui,

424 1542 494 1585 cum
528 1528 625 1584 totam
658 1542 759 1601 paene
794 1526 1001 1602 septimanam
1035 1528 1237 1602 exspectaris,
1273 1530 1355 1588 diem

384 1635 409 1677 ιο
423 1621 616 1680 dimidiatum
638 1622 751 1681 durare
772 1638 834 1680 non
856 1625 955 1697 potes.
998 1621 1076 1693 Quid
1111 1624 1216 1681 autem
1245 1623 1353 1695 iacies,

421 1716 475 1776 ubi
496 1716 569 1774 totis
592 1717 798 1793 quadraginta
829 1718 938 1776 diebus
961 1734 979 1776 a
1001 1717 1147 1776 carnibus
1179 1719 1227 1776 est
1258 1719 1353 1778 absti-

421 1808 580 1870 nendum?

501 1905 643 1965 Petrus.
684 1907 781 1967 Recte
817 1907 942 1981 quidem
973 1907 1129 1982 obiurgas,
1162 1908 1218 1966 sed
1248 1909 1355 1968 nescio

423 2002 574 2077 quomodo
596 2001 899 2076 quanto'vioiniores
921 2004 996 2061 sunt
1015 2002 1121 2066 feriae.
1144 2003 1231 2061 tanto
1251 2005 1355 2080 magis

387 2111 411 2153 15
426 2114 533 2155 earum
554 2114 604 2156 me
631 2099 745 2172 premit
769 2098 966 2157 desiderium.
1013 2097 1075 2157 Sed
1100 2098 1241 2174 nunquid
1270 2101 1355 2161 aliud

422 2193 525 2251 dicere
546 2190 614 2251 vis?
648 2193 728 2253 Nam
759 2210 817 2269 ego
843 2194 917 2252 hino
943 2210 991 2251 me
1019 2193 1051 2250 in
1073 2194 1262 2252 tonstrinam
1282 2211 1354 2254 oon·

421 2287 522 2347 ieram
544 2291 639 2363 caput
659 2288 775 2347 lotione
797 2290 973 2347 curaturus,

500 2382 650 2441 Paulus.
691 2382 728 2441 Et
757 2384 826 2458 ipse
847 2382 1016 2441 lavandum
1047 2385 1142 2456 eaput
1166 2383 1354 2455 exhiberem,

422 2478 449 2536 si
483 2478 608 2536 lotionis
642 2479 819 2537 mercedem
853 2478 972 2535 tonsori
1003 2479 1188 2552 persolvere
1218 2495 1356 2553 possem3

382 2586 409 2629 eo
422 2589 506 2631 nuno
527 2574 633 2631 autem
654 2574 777 2631 tantum
797 2572 897 2632 habeo
918 2588 1090 2631 nummum.

500 2666 643 2725 Petrus
686 2666 742 2727 Sat
762 2671 820 2738 est,
841 2683 901 2725 nee
923 2667 991 2741 ipse
1012 2668 1111 2741 pluris
1126 2668 1205 2736 lavo,
1228 2670 1354 2729 tametsi

422 2778 491 2821 raro
512 2761 570 2821 hos
591 2762 671 2821 facio
693 2766 852 2837 sumptus:
886 2780 959 2822 nam
987 2780 1044 2839 per
1071 2765 1145 2823 anni
1167 2763 1355 2824 curriculum

422 2857 473 2915 vix
494 2856 596 2916 sexies
617 2857 696 2917 lavo.

499 2951 645 3012 Paulus.
687 2953 728 3010 At
743 2968 837 3026 saepe
853 2954 948 3026 eaput
962 2970 981 3012 a
994 2954 1138 3013 sordibus
1150 2971 1354 3029 repurgares;

384 3051 446 3106 [Clbl
474 3048 563 3105 aiunt
577 3048 660 3106 enim
678 3046 681 3122 t
701 3047 839 3122 eorporis
855 3047 1074 3105 emundatione
1089 3051 1120 3106 et
1133 3048 1294 3123 ingenium
1308 3052 1353 3109 ni·

422 3142 517 3200 tidius
538 3143 690 3217 quasique
712 3142 877 3217 purgatius
897 3140 993 3200 reddi.

500 3235 643 3295 Petrus
695 3236 746 3296 Sio
776 3237 902 3311 quidem
932 3236 1033 3296 iertur
1062 3238 1155 3312 idque
1177 3240 1353 3313 propterea,

422 3333 503 3406 quod
536 3332 737 3391 scientiarum
758 3333 866 3391 sedem
898 3333 1062 3407 incapite,
1094 3335 1201 3407 utpote
1223 3334 1354 3393 rationis

423 3428 585 3495 domicilio,
608 3428 769 3487 collocant.
797 3427 897 3499 Quare
919 3429 1005 3487 ocius
1027 3445 1144 3487 eamus.

382 3535 409 3577 eo
499 3521 644 3580 Paulus
686 3521 813 3593 Quando
834 3523 928 3581 lubet.

783 3747 938 3755 .—
