3409 4567
386 485 423 543 26
670 481 873 531 MOSELLANVS,
886 482 1084 527 PAEDOLOGIA.

398 671 459 727 [cra]
494 666 578 725 aliud
591 666 671 726 facio
686 665 771 735 nihil,
795 683 890 741 quam
904 669 986 741 quod
1002 668 1192 727 ientaculum
1208 684 1256 727 ca·
1276 666 1279 742 1
1297 665 1368 744 pici
1446 674 1449 680 '

436 762 485 820 An
506 763 541 820 tu
561 761 752 822 ientaculum
772 762 903 836 perinde
924 762 1012 821 ducis
1034 779 1070 822 ac
1091 759 1269 837 piaculum‘l

514 857 711 917 Martinus.
753 856 848 928 Quasi
875 874 938 915 non
960 860 1009 917 sat
1028 873 1126 932 grave
1147 858 1188 916 sit
1208 858 1369 933 piaculum

436 952 469 1011 in
489 952 616 1011 homine
637 949 815 1011 Christiano
835 952 944 1011 ieiunii
965 951 1148 1028 religionem
1169 952 1300 1013 violare!

409 1062 423 1104 5
469 1035 471 1040 ’
513 1046 699 1107 Valerius.
745 1046 784 1105 111
813 1047 905 1106 hodie
937 1048 987 1105 est
1016 1047 1167 1107 indictum
1197 1046 1369 1108 ieiunium?

435 1141 502 1210 Dic,
524 1159 584 1216 quo
605 1138 750 1201 nomine?

513 1236 708 1302 Martinus.
752 1235 901 1303 Scelesta
917 1237 1031 1305 nescis,
1054 1255 1132 1313 quas
1147 1236 1242 1297 ferias
1257 1239 1368 1298 beatae

435 1328 632 1399 Camerinan,
654 1332 770 1391 artium
789 1332 952 1407 praesidis,
976 1330 1135 1408 agendas?

513 1425 696 1486 Valerius¹
737 1426 779 1485 At
808 1443 871 1485 non
896 1428 1042 1502 putaram
1062 1428 1288 1503 praecidaneae
1309 1429 1368 1487 has

398 1535 423 1578 16
435 1520 531 1581 ferias
551 1539 589 1581 ex
610 1522 761 1581 ecclesiae
781 1523 926 1581 instituto
947 1539 1063 1582 sacras.

513 1617 707 1677 Martinus.
744 1618 822 1690 Quid
843 1615 930 1677 tum‘l
951 1618 1150 1678 Consuetudo
1171 1621 1299 1694 recepta
1319 1623 1369 1679 est

436 1714 591 1789 prolege,
624 1716 656 1772 ot
675 1715 711 1771 ut
732 1714 817 1773 nulla
842 1715 883 1773 sit
905 1715 1105 1783 consuetudo,
1136 1714 1226 1773 nobis
1252 1716 1367 1782 tamen,

437 1807 488 1883 qui
512 1797 634 1868 litteras
655 1811 822 1878 sectamur,
845 1810 959 1884 quibus
980 1810 1058 1869 haec
1079 1810 1166 1885 virgo
1199 1809 1366 1884 praesidet,

436 1902 488 1961 hic
509 1903 576 1962 dies
597 1903 712 1962 ieiunio
734 1904 971 1981 religiosissimo
992 1904 1096 1964 fuerat
1117 1904 1276 1963 colendus

398 2011 422 2053 15
513 1998 698 2058 Valerius.
753 1999 898 2059 ieiunabo
933 2017 1007 2076 orgo
1043 2001 1190 2074 deinceps
1224 2000 1275 2058 vel
1308 1999 1367 2058 hoc

377 2131 381 2142 ·
436 2096 561 2168 sumpto
581 2094 753 2167 ientaculo;
786 2111 888 2170 neque
915 2096 996 2155 enim
1018 2098 1137 2154 lautum
1162 2111 1254 2169 spero
1275 2111 1366 2169 pran-

436 2189 529 2258 dium,
552 2192 592 2258 et,
614 2191 649 2249 ut
662 2190 757 2265 vulgo
773 2190 833 2249 dici
849 2191 949 2259 audie,
972 2191 1020 2250 bis
1035 2191 1170 2250 interdiu
1185 2191 1264 2249 male
1280 2189 1366 2264 pasci

435 2301 490 2359 pro
511 2284 626 2343 ieiunio
648 2287 706 2344 est.
747 2285 894 2355 Tametsi,
916 2289 952 2345 ut
972 2287 1026 2345 tibi
1048 2303 1098 2346 me
1120 2285 1268 2360 aperiam,
1296 2285 1366 2342 hac·

435 2379 528 2437 tenus
550 2377 706 2438 Christum
728 2396 837 2439 verum
860 2381 1033 2456 sapientiae
1053 2380 1231 2456 praesidem
1249 2381 1367 2455 putavi,

395 2474 470 2531 mut
491 2474 543 2547 qui
565 2474 739 2549 sapientiae
769 2475 895 2534 nomine
923 2476 1055 2535 subinde
1086 2476 1118 2535 in
1147 2475 1367 2535 ecclesiasticis

435 2567 632 2627 contionibus
654 2568 836 2629 celebretur.

513 2664 707 2725 Martinus.
759 2664 847 2725 Nova
880 2668 1032 2742 quaedam
1064 2667 1212 2725 inducere
1234 2665 1367 2733 conaris,

436 2761 469 2817 at
489 2776 548 2836 ego
570 2761 726 2820 communi
747 2762 886 2821 omnium
907 2763 959 2821 via
979 2761 1101 2838 ingredi
1122 2761 1212 2821 malo.

513 2854 698 2915 Valerius
739 2856 808 2916 Non
830 2858 945 2916 audisti
970 2858 1045 2917 illud
1071 2856 1281 2933 Pythagorae:
1312 2872 1369 2931 per

395 2961 422 3003 25
436 2950 592 3024 publicam
613 2953 695 3011 viam
717 2970 757 3012 ne
778 2953 928 3013 ambules

513 3044 707 3106 Martinus.
748 3048 899 3107 Molestus
921 3064 969 3107 es:
1000 3051 1153 3115 1111111111,
1179 3063 1237 3125 ego
1264 3062 1367 3121 meum

435 3139 494 3198 iter
514 3140 680 3215 ingrediar.

709 3381 937 3448 DIALOGVS
960 3380 1038 3446 XX.

646 3503 873 3580 Hippolytus
901 3507 937 3563 et
958 3504 1094 3564 Cletus

396 3621 423 3664 30
628 3606 673 3661 De
692 3605 810 3677 frigoris
828 3609 935 3660 iniuria
953 3612 1121 3676 queruntur.

514 3720 749 3796 Hippolytus.
791 3719 814 3779 Ο
836 3738 930 3795 quam
951 3723 1025 3777 sunt
1045 3718 1162 3782 felices.
1185 3719 1298 3793 quibus
1312 3706 1369 3792 per

436 3832 511 3890 opes
543 3817 605 3874 iam
635 3817 709 3877 licet
739 3817 820 3875 domi
846 3817 887 3875 ad
914 3815 1068 3874 caminum
1100 3818 1155 3872 aut
1182 3812 1368 3872 calefactum

435 3911 671 3970 hibernaculum
692 3908 848 3970 adsidere!
