3409 4567
732 1444 960 1511 DIALOGVS
983 1445 1007 1509 Ι.

648 1612 790 1688 Caspai
815 1614 851 1670 et
872 1612 1075 1672 Modestus¹

663 1741 708 1795 De
727 1740 864 1794 nundinis
883 1740 1059 1794 fabulantur.

499 1881 649 1957 Caspar.
691 1880 759 1956 Age
779 1897 862 1948 vero,
895 1879 1048 1939 Modesto:
1080 1881 1155 1954 quot
1186 1880 1253 1939 dies
1279 1879 1352 1938 hinc

392 1977 536 2035 subsunt
564 1976 774 2036 nundinarum
798 1975 905 2044 feriae,
934 1976 1046 2051 quibus
1071 1975 1252 2050 frequentes
1274 1976 1351 2034 adeo

356 2125 359 2133 ,
419 2072 481 2130 huc
503 2072 659 2147 peregrini
680 2071 852 2130 adveniunt
872 2068 1082 2131 mercatores?

497 2167 700 2226 Modestus.
732 2166 816 2236 Dies,
838 2166 870 2225 ni
884 2166 982 2235 fallor,
1006 2165 1262 2241 quattuordecim,
1278 2181 1350 2223 nam

419 2264 565 2321 accurate
596 2262 738 2337 singulas
759 2277 860 2336 paene
890 2260 984 2320 horas
1016 2262 1055 2320 ad
1081 2260 1234 2319 calculum
1264 2276 1349 2321 voce.

419 2357 573 2432 siquidem
604 2357 723 2416 nullum
754 2360 879 2430 tempus
910 2356 1005 2414 totius
1031 2357 1105 2415 anni
1131 2355 1273 2431 cupidius
1299 2371 1349 2413 ex-

380 2465 406 2508 io
419 2454 527 2527 specto
549 2468 642 2526 quam
664 2452 884 2511 nundinarum.

496 2546 646 2621 Caspar.
688 2546 757 2605 Non
772 2546 893 2615 iniuria,
916 2546 1166 2621 quandoquidem
1180 2546 1239 2605 hae
1253 2544 1350 2604 feriae

417 2642 532 2717 partim
566 2644 701 2710 nuntios
740 2642 856 2718 partim
890 2642 1018 2709 litteras,
1056 2643 1171 2716 partim
1206 2641 1348 2699 omnibus

416 2736 528 2796 litteris
553 2738 707 2812 gratiores
743 2738 894 2813 pecunias
920 2738 1010 2795 nobis
1036 2738 1210 2812 apportant.
1262 2734 1349 2806 Quod

416 2832 445 2889 si
465 2849 526 2891 non
555 2833 684 2891 etmihi
708 2834 770 2891 iam
796 2833 890 2908 plane
911 2833 1063 2891 exhausto
1089 2833 1248 2907 proximae
1269 2847 1347 2889 nun-

378 2940 402 2982 15
416 2927 508 2986 dinae
540 2928 662 3003 argenti
690 2928 865 2986 subsidium
886 2928 1055 2995 attulerint,
1081 2944 1142 2985 non
1168 2928 1276 3002 potero
1297 2926 1347 2985 hic

415 3022 532 3080 diutius
554 3023 674 3082 durare.

492 3117 694 3177 Modestus.
748 3117 902 3176 Pecunias
938 3118 1070 3194 quidem,
1105 3119 1137 3175 id
1162 3118 1243 3191 quod
1269 3118 1346 3175 satis

414 3212 488 3280 scie,
521 3213 670 3288 accipiam
702 3214 813 3282 nullas
848 3229 988 3288 pannum
1022 3215 1128 3271 tamen
1162 3213 1194 3270 in
1225 3214 1346 3271 vestem

414 3306 575 3366 hibernam
607 3325 642 3367 se
677 3309 849 3367 discedenti
884 3309 959 3367 mihi
999 3310 1168 3368 missurum
1204 3309 1346 3383 promisit

373 3414 400 3457 ao
413 3405 510 3477 pater.

491 3496 639 3573 Caspar.
682 3498 807 3558 Vtinam
828 3501 960 3575 uterque
985 3499 1049 3557 voti
1071 3515 1197 3573 compos
1218 3498 1284 3565 fiat,
1309 3501 1345 3556 ut

413 3593 444 3649 et
465 3593 500 3650 tu
521 3594 710 3651 commodius
725 3595 859 3652 vestitus
881 3598 912 3653 et
927 3611 984 3669 ego
999 3594 1189 3652 nummatior
1202 3594 1343 3668 urgentis

412 3687 524 3745 hiemis
546 3689 675 3747 iniurias
696 3689 807 3747 minori
828 3690 954 3764 negotio
976 3691 1159 3764 propulsare
1181 3705 1342 3763 queamus.
