3409 4567
642 474 791 520 nmioovs
804 474 902 519 xxxvii
915 475 992 530 (1520).
1073 455 1077 462 ’
1238 540 1241 546 .
1270 480 1308 539 49

377 660 521 718 omnibus
557 660 707 719 iudicium
741 660 955 735 consequaris.
1015 660 1080 720 Hoc
1121 662 1174 736 qui
1214 665 1308 732 caret,

375 754 495 814 frustra
515 772 549 813 se
570 755 688 829 aliquid
708 754 842 815 feliciter
863 756 984 815 discere
1006 757 1153 831 sperabit.

454 849 713 925 Hieronymus.
731 876 734 880 ·
747 850 788 909 At
802 851 835 910 in
849 851 1003 910 eiusmodi
1018 851 1133 910 scholis
1147 852 1309 926 receptum

376 944 476 1013 audio,
489 946 525 1003 ut
538 945 796 1004 scholasticorum
807 946 941 1020 quisque
955 948 1190 1021 praeceptorem
1203 962 1308 1020 quem-

349 1040 460 1123 5piam
482 1041 540 1099 sibi
557 1041 681 1115 deligat,
703 1056 764 1115 quo
778 1040 975 1100 familiariter
988 1043 1096 1101 utatur
1109 1057 1171 1099 non
1186 1042 1309 1100 tantum
1334 1034 1337 1039 ’

376 1134 416 1194 a'd
436 1136 610 1194 litterarum
633 1137 746 1205 studia,
768 1137 825 1195 sed
846 1138 878 1195 et
897 1136 1077 1196 formandos
1098 1153 1211 1195 mores,
1252 1136 1309 1196 Hic

377 1231 451 1305 quid
471 1231 546 1290 mihi
567 1230 748 1290 faciundum
769 1232 906 1291 suades?

453 1325 741 1401 Ludimagister.
783 1326 861 1398 Quid
876 1327 960 1386 aliud
974 1344 1067 1401 quam
1081 1329 1124 1396 ut,
1141 1329 1310 1403 antequam

377 1423 408 1479 te
442 1421 536 1480 alicui
568 1422 600 1481 in
635 1422 832 1498 disciplinam
867 1424 971 1493 dodae,
1013 1423 1144 1482 divitum
1177 1424 1309 1483 istorum

347 1530 406 1582 [rea]
429 1516 555 1575 delicias
581 1519 720 1587 imiteris,
753 1519 805 1593 qui
831 1535 902 1578 cum
931 1519 1030 1577 multa
1048 1516 1051 1595 l
1070 1519 1135 1577 vini
1166 1519 1248 1579 dolia
1275 1519 1308 1578 in

378 1611 463 1669 cellis
484 1611 622 1671 habeant
642 1614 789 1688 reposita,
811 1630 874 1672 non
896 1614 1003 1673 statim
1024 1631 1041 1673 e
1062 1615 1173 1688 quovis
1188 1615 1307 1682 bibunt,

377 1707 433 1765 sed
453 1707 638 1781 pytissando
660 1710 804 1767 omnibus
825 1725 864 1767 ex
884 1709 992 1768 ordine
1023 1710 1199 1785 degustatis
1226 1712 1309 1784 quod

375 1800 592 1861 firmissimum
611 1802 707 1862 fuerit
733 1806 764 1862 et
795 1804 1019 1863 suavissimum
1045 1804 1103 1863 hoc
1129 1805 1255 1863 demum
1276 1806 1308 1864 in

376 1895 472 1971 palati
503 1898 553 1956 sui
582 1914 675 1957 usum
706 1897 851 1957 relinunt.
898 1898 977 1970 Quin
1008 1916 1082 1974 ergo
1110 1902 1142 1958 et
1171 1902 1206 1959 tu
1238 1918 1308 1959 cum

339 2004 363 2047 15
377 2008 414 2050 ex
445 1992 513 2051 aliis
545 1994 717 2053 sciscitaris
752 1996 820 2052 tum
859 1995 974 2053 multos
1006 1995 1135 2053 eximios
1167 1996 1308 2055 eiusdem

377 2087 581 2162 professionis
613 2089 756 2147 doctores
788 2089 942 2147 audiendo
974 2089 1117 2165 exploras
1147 2090 1224 2165 ipse,
1258 2092 1308 2149 cui

359 2183 574 2265 potissimum
594 2184 712 2258 ingenii
732 2184 778 2242 tui
799 2184 901 2243 solum
915 2185 1089 2244 rectissime
1104 2185 1308 2244 excolendum

376 2278 469 2337 loces.
509 2278 647 2337 Tametsi
668 2279 742 2337 sunt
763 2281 795 2337 et
815 2279 895 2338 aliae
917 2280 1121 2349 coniecturae,
1145 2281 1257 2355 quibus
1276 2282 1308 2340 in

375 2375 435 2434 hoc
455 2376 501 2433 uti
514 2375 628 2450 possis
649 2376 684 2434 ut
699 2374 791 2434 sicui
807 2392 884 2435 suae
902 2376 1136 2435 lucubrationes
1150 2376 1308 2451 insignem

336 2483 362 2525 20
375 2487 526 2546 peperere
546 2470 672 2540 famam,
701 2472 729 2529 si
750 2488 842 2546 quem
858 2472 1049 2531 eruditorum
1065 2472 1177 2531 calculi
1190 2473 1309 2546 aliquot

376 2566 518 2638 probent,
540 2567 567 2624 si
589 2567 639 2625 cui
660 2567 698 2625 ab
720 2567 789 2626 aliis
811 2568 952 2626 eiusdem
978 2567 1087 2626 Musae
1108 2568 1240 2626 aemulis
1261 2555 1307 2625 inss

377 2660 493 2734 signite
517 2662 702 2730 invideatur,
734 2663 762 2719 si
787 2679 880 2736 quem
911 2662 961 2721 vel
986 2663 1135 2721 iudicium
1155 2663 1307 2738 principis

376 2754 426 2813 vel
457 2756 502 2814 rei
532 2757 676 2831 publicae
697 2774 872 2816 consensus
904 2775 923 2816 a
947 2760 1130 2833 contemptu
1159 2758 1306 2826 vindicet,

376 2850 404 2906 si
425 2849 475 2907 cui
497 2867 612 2926 magna
632 2853 673 2910 sit
693 2852 935 2912 lectissimorum
957 2854 1106 2911 iuvenum
1120 2853 1306 2928 frequentia,

336 2958 363 2999 25
376 2944 404 3002 si
424 2946 477 3018 qui
498 2946 668 3022 discipulos
690 2947 808 3021 aliquot
838 2949 965 3023 egregie
996 2949 1104 3006 doctos
1129 2949 1307 3019 reddiderit,

376 3041 510 3114 denique
535 3042 562 3099 si
588 3043 640 3116 qui
666 3042 862 3117 Pythagorae
893 3044 1033 3119 exemplo
1058 3061 1122 3102 non
1153 3060 1308 3118 quemque

377 3137 484 3194 statim
514 3137 545 3195 in
567 3138 764 3213 disciplinam
795 3154 885 3196 suam
905 3139 1036 3213 recipiat
1066 3140 1097 3197 et
1128 3139 1197 3196 aliis
1217 3139 1308 3212 plura

375 3248 412 3289 ac
433 3231 563 3289 meliora
583 3232 681 3306 pluris
703 3249 825 3306 quoque
847 3233 966 3291 doceat.
1008 3231 1090 3291 Cave
1116 3234 1199 3291 enim
1226 3251 1307 3291 com·

375 3328 482 3385 mittas
503 3326 543 3385 ad
563 3342 752 3400 quemquam
773 3329 805 3385 te
827 3328 944 3386 alliciat
965 3331 1111 3403 sumptus
1125 3329 1230 3387 vilitas
1253 3332 1307 3388 aut

336 3436 395 3480 eoa
415 3438 571 3495 quoquam
592 3422 749 3480 deterreat
769 3422 931 3497 impensae
946 3424 1136 3497 magnitudo.
1179 3423 1306 3495 Quando

376 3514 441 3574 fere
455 3517 501 3585 fit,
517 3518 618 3590 utqui
634 3517 745 3575 docent
759 3534 856 3592 parvo
872 3535 978 3593 parva,
995 3519 1048 3592 qui
1062 3536 1176 3594 magno
1191 3536 1307 3594 magna

377 3627 499 3684 quoque
520 3613 660 3670 doceant.
702 3613 757 3670 His
788 3614 911 3671 indiciis
944 3615 971 3671 si
1001 3614 1172 3689 prudenter
1197 3616 1305 3685 utorio,

376 3705 427 3763 vix
447 3721 583 3779 unquam
614 3708 670 3765 tibi
695 3709 833 3782 imponet
855 3710 1028 3783 quisquam.
1071 3708 1182 3767 Cetera
1202 3726 1306 3768 rerum

375 3817 462 3868 usuS,
485 3803 620 3876 optimus
643 3804 802 3877 magister,
826 3805 938 3861 aetatis
959 3821 1131 3879 progressu
1151 3805 1183 3862 te
1214 3804 1305 3863 facile

335 3911 361 3952 35
376 3896 525 3954 edocebit.

376 3998 420 4039 Lat.
435 3998 646 4043 litteraturdenkm.
674 3999 704 4039 18.
1116 4012 1133 4063 4
