3409 4567
376 468 413 529 10
659 463 859 515 MOSELLANVS,
874 463 1071 509 Pussuotoom.

388 661 448 715 [era]
481 648 605 716 multos,
637 649 689 723 qui
708 648 711 722 1
729 647 797 715 has,
832 647 926 706 sicuti
953 650 1020 707 tum
1050 650 1226 725 putabatur,
1258 665 1360 724 nugas

427 743 691 818 amplecterentur
721 742 1015 818 profiterenturque,
1048 745 1199 820 paulatim
1231 746 1359 804 circum·

370 915 374 924 ι
427 838 549 913 spicere
571 837 667 912 coepi,
688 844 794 897 utrum
819 838 946 897 credere
967 839 1106 899 mallem:
1132 840 1361 915 magistrumne

427 950 533 992 meum
562 934 666 1008 potius
692 932 870 1008 ignorantia
890 933 952 992 labi
983 950 1023 993 an
1044 936 1142 993 totam
1163 936 1261 994 semel
1282 936 1360 994 anti·

400 1029 579 1103 equitatem
601 1030 631 1087 et
651 1045 689 1086 ex
704 1028 931 1087 recentioribus
948 1029 1081 1104 optimos
1103 1046 1243 1104 quosque
1259 1031 1360 1105 pueri·

374 1129 382 1178 .“
427 1124 499 1183 liter
520 1123 662 1182 delirare.
702 1122 810 1198 ltaque
836 1123 881 1182 sic
907 1123 983 1181 mihi
1007 1125 1091 1183 inter
1110 1124 1169 1183 hoc
1194 1124 1362 1185 fluctuanti

428 1220 460 1278 et
494 1219 525 1276 in
560 1235 654 1293 quam
693 1220 814 1294 partem
856 1218 1040 1278 inclinarem
1073 1220 1243 1280 haesitanti
1281 1219 1361 1279 forte

426 1314 553 1373 fortuna
573 1314 695 1381 cecidit,
727 1316 763 1373 ut
782 1313 880 1372 Marci
900 1313 991 1372 Tullii
1012 1312 1171 1374 Ciceronis
1202 1316 1297 1375 libros
1324 1317 1361 1374 de

428 1408 540 1469 officiis
563 1409 754 1469 enarrandos
786 1412 971 1485 praeceptor
992 1411 1177 1486 susciperet,
1209 1412 1240 1469 in
1272 1412 1361 1470 cuius

391 1505 572 1563 relectionis
593 1505 742 1579 ingressu
772 1505 881 1563 statim
911 1506 943 1563 in
974 1506 1044 1581 ipsa
1067 1506 1263 1581 praefatione
1288 1523 1357 1581 gra·

427 1600 577 1659 vissimus
599 1599 650 1658 ille
671 1602 701 1657 et
721 1600 926 1675 philosophus
942 1602 974 1659 et
992 1603 1096 1660 orator
1109 1602 1200 1660 unico
1222 1618 1279 1659 suo
1293 1601 1358 1662 filio

428 1696 548 1764 suadet,
579 1697 615 1754 ut
636 1695 754 1754 Graeca
776 1711 848 1754 cum
869 1694 988 1754 Latinis
1010 1696 1188 1770 coniungat,
1220 1714 1280 1771 quo
1301 1715 1359 1772 par

427 1792 521 1856 sitin
542 1791 706 1865 utriusque
721 1790 871 1849 orationis
895 1789 1059 1863 facultate3
1081 1790 1140 1850 hoc
1164 1791 1219 1850 ubi
1232 1808 1358 1866 praece-

427 1888 516 1962 ptore
537 1886 755 1945 dissimulante
776 1885 852 1944 mibi
864 1886 1077 1960 arripuissem,
1099 1886 1237 1960 graviter
1258 1887 1361 1948 dolere

389 1997 414 2045 15
429 1983 517 2058 coepi
528 1985 675 2057 negatam
690 1983 780 2041 nobis
795 1983 993 2042 occasionem
1008 1999 1062 2042 eas
1076 1981 1196 2041 litteras
1211 1983 1360 2051 discendi,

428 2094 561 2152 quarum
595 2078 742 2146 studium,
778 2078 806 2136 si
831 2083 941 2136 essent
962 2078 1097 2147 inutiles
1129 2094 1187 2137 nec
1220 2078 1362 2137 laudaret

431 2174 542 2231 consul
562 2171 721 2231 Romanus
742 2189 801 2231 uec
821 2172 887 2231 filio
908 2173 1001 2233 unico
1026 2174 1204 2248 iniungeret
1229 2174 1363 2248 pruden-

429 2268 570 2326 tissimus
591 2269 689 2342 pater.

506 2362 663 2422 Marcus.
704 2362 769 2421 lam
789 2363 889 2430 video,
912 2379 971 2436 quo
993 2362 1112 2422 tendas

389 2472 416 2515 ao
507 2457 673 2517 loannes
715 2458 820 2516 Mane:
852 2458 990 2516 nondum
1015 2456 1119 2516 omnia
1142 2457 1249 2516 babes.
1285 2455 1362 2516 Cum

429 2554 507 2612 haec
529 2553 688 2612 subiratus
711 2569 832 2612 mecum
855 2553 1017 2627 agitarem,
1049 2568 1122 2611 ecce
1153 2569 1258 2611 rumor
1279 2551 1361 2627 apud

430 2665 486 2707 nos
507 2648 711 2708 increbrescit
730 2648 762 2706 in
788 2649 870 2707 hanc
898 2647 1146 2708 laudatissimam
1171 2648 1362 2707 academiam

428 2744 581 2819 principis
596 2743 815 2802 munificentia
829 2744 1008 2812 accersitae,
1024 2743 1077 2818 qui
1089 2743 1214 2818 publice
1226 2742 1361 2802 Graecas

429 2840 550 2898 litteras
572 2840 705 2898 doceant
726 2842 756 2898 et
777 2856 815 2898 ex
836 2856 945 2898 eorum
965 2838 1052 2898 velut
1066 2838 1205 2898 tontibus
1221 2838 1362 2899 nonnihil

390 2948 553 3008 aequoque
584 2934 617 2992 in
646 2934 755 2992 ludum
776 2933 1127 2993 litterarium‘derivari.
1168 2932 1252 2991 Haec
1277 2932 1362 2992 fama

429 3031 544 3103 partim
584 3028 708 3097 litteris
748 3030 861 3104 partim
895 3028 1142 3088 commeantibus
1178 3027 1362 3087 confirmata

429 3123 514 3183 illinc
534 3140 585 3182 me
606 3125 771 3199 utriusque
802 3124 984 3184 eruditionis
1016 3124 1164 3199 cupidum
1196 3124 1310 3182 excivit
1330 3127 1362 3183 et

428 3220 491 3278 huc
512 3219 641 3294 appulit.
682 3219 796 3289 Habes
817 3237 873 3279 cur
886 3220 1084 3279 advenerim:
1106 3219 1253 3277 nimirum
1274 3219 1361 3277 utin

429 3315 488 3373 hoc
509 3318 614 3372 vestro
636 3315 708 3373 ludo
731 3318 762 3373 et
783 3315 921 3375 Graecae
936 3314 1062 3391 linguae
1078 3314 1234 3373 elementa
1249 3314 1361 3374 saltem

389 3424 416 3465 ao
429 3410 521 3468 liceat
542 3409 712 3484 percipere.

506 3504 666 3562 Marcus.
707 3503 808 3563 Dubio
830 3505 938 3578 procul
958 3505 1023 3562 voti
1038 3519 1163 3577 compos
1183 3503 1245 3561 eris
1259 3519 1361 3577 neque

429 3600 531 3674 aliquo
553 3600 612 3659 alio
633 3599 756 3659 felicius
783 3602 814 3659 te
836 3600 978 3659 conferre
999 3599 1170 3673 potuisses:
1202 3598 1279 3657 adeo
1310 3599 1377 3657 hic'

390 3708 453 3761 {ero}
481 3695 586 3754 omnia
615 3695 705 3754 nobis
736 3699 810 3753 sunt
831 3712 910 3754 com·
931 3692 934 3769 1
953 3694 1051 3752 moda.
1097 3692 1247 3768 Denique,
1279 3695 1361 3768 quod

430 3790 629 3864 peculiariter
663 3790 703 3849 ad
736 3807 802 3849 rem
823 3790 968 3865 pertinet,
1000 3789 1102 3858 ludus
1137 3790 1164 3846 si
1195 3790 1360 3863 quisquam

388 3897 415 3940 ³5
430 3884 512 3952 alibi,
533 3884 806 3945 instructissimus.
