3409 4567
707 475 856 519 DIALOGVS
870 475 970 518 Vll-IX.
1291 480 1333 537 15

472 658 678 736 Philippus
720 659 821 727 Recte,
853 658 978 733 quando
1003 660 1127 733 magnis
1152 654 1228 717 viris
1252 660 1332 719 haec

396 757 471 814 sunt
503 756 729 829 per-mittenda3
763 754 855 813 nobis
886 769 970 822 vero,
1006 756 1059 828 qui
1093 755 1230 813 nondum
1250 756 1333 813 ultra

395 852 513 925 primas
533 852 652 909 litteras
673 850 833 925 progressi
853 865 973 917 sumus,
995 865 1058 907 non
1078 849 1194 907 itidem.

473 948 649 1006 Andreas.
692 944 823 1019 Semper
847 946 882 1001 tu
908 944 1032 1019 quidem
1058 946 1136 1003 meis
1158 943 1332 1003 adfectibus

369 1043 559 1116 sobstrepis
581 1058 643 1100 non
665 1042 768 1099 minus
790 1056 884 1113 quam
904 1042 1097 1114 praeceptor.

474 1136 682 1212 Philippus,
723 1134 809 1207 Quod
834 1136 874 1193 ad
900 1137 930 1194 te
957 1136 1074 1203 attinet,
1109 1152 1177 1209 age,
1204 1146 1271 1210 age,
1298 1136 1333 1192 ut

395 1234 493 1304 lubet3
524 1250 574 1291 me
606 1234 689 1291 certe
720 1248 782 1288 non
807 1230 938 1289 habebis
964 1229 1057 1289 huius
1082 1231 1154 1289 tuae
1182 1230 1332 1288 stultitiae

278 1371 280 1375 ι
397 1330 549 1388 comitem.

680 1670 908 1737 DIALOGVS
932 1670 991 1735 IX.

359 1847 384 1887 10
397 1831 443 1883 De
462 1829 630 1882 auctoribus
648 1829 780 1897 proximo
799 1829 935 1882 semestri
954 1829 984 1880 in
1003 1827 1102 1881 schola
1119 1824 1331 1896 praelegendis.

619 1922 834 1991 Thomas'et
853 1931 1112 2007 Hieronymus

475 2081 643 2140 Thomas.
672 2079 751 2151 Quid
762 2084 819 2149 est,
835 2081 918 2154 quod
931 2080 1002 2138 illac
1016 2079 1115 2147 venis,
1131 2077 1329 2151 Hieronymo,

397 2186 451 2235 aut
471 2177 524 2234 ubi
543 2171 651 2233 fuisti?
1001 2177 1010 2194 ⁰

474 2270 731 2345 Hieronymus,
776 2268 879 2328 Redeo
902 2286 921 2327 a
941 2269 1145 2343 praeceptore
1166 2283 1211 2335 eo,
1239 2267 1291 2342 qui
1312 2284 1332 2325 a

358 2382 422 2436 [ooo]
449 2366 665 2439 ludimagistro
685 2365 804 2440 primas
825 2367 869 2422 te·
889 2362 893 2438 Ι
911 2366 973 2422 net.

475 2461 640 2520 Thomas,
682 2462 757 2535 Age,
790 2460 864 2534 quid
894 2460 920 2517 is
952 2460 1059 2519 narrat
1090 2459 1127 2517 de
1149 2457 1331 2516 auctoribus

397 2558 456 2615 hoc
475 2557 620 2614 semestri
640 2555 880 2630 praelegendis?
911 2555 974 2613 lam
996 2556 1088 2623 enim,
1111 2554 1191 2612 sicut
1211 2554 1330 2627 opinor,

397 2669 505 2710 eorum
526 2651 680 2709 delectum
701 2650 886 2708 habuerunt.
1263 2699 1267 2708 .

475 2746 736 2820 Hieronymus
791 2744 975 2803 Habuerunt
1005 2744 1106 2818 idque,
1144 2743 1237 2801 sicuti
1271 2742 1331 2800 dici

359 2857 385 2899 20
400 2842 502 2909 audio,
537 2841 716 2916 prudenter.
762 2840 842 2898 Nam
873 2842 999 2915 praeter
1019 2839 1183 2913 utriusque
1204 2837 1333 2912 linguae

399 2937 578 2995 rudimenta
599 2953 636 2994 ex
656 2935 742 2995 Fabii
763 2936 959 3011 praescripto
975 2935 1166 2993 coniunctim
1180 2932 1332 2990 tradenda

399 3033 534 3107 primum
571 3031 775 3090 Terentianas
810 3030 986 3089 comoedias
1027 3030 1227 3104 exponendas
1262 3045 1330 3087 sus-

398 3130 557 3201 ceperunt,
589 3127 672 3200 quod
696 3127 747 3185 hic
768 3127 903 3201 scriptor
927 3142 964 3184 ex
984 3124 1102 3183 Latinis
1123 3141 1223 3199 paene
1245 3125 1332 3182 solus

398 3223 528 3282 Romani
550 3222 703 3280 sermonis
724 3222 862 3280 nativam
877 3223 908 3279 et
922 3221 1093 3296 genuinam
1107 3220 1332 3295 proprietatem

359 3333 385 3374 25
399 3318 540 3385 retineat,
572 3318 649 3375 adeo
681 3319 715 3374 ut
745 3333 803 3375 nec
833 3315 974 3374 Marcum
1000 3314 1143 3383 Tullium,
1176 3317 1332 3373 oratorem

398 3414 580 3488 principem,
612 3412 759 3486 puduerit
780 3412 819 3470 ad
850 3410 944 3468 huius
966 3410 1143 3485 exemplum
1174 3410 1332 3468 orationes

400 3525 474 3566 suas
496 3509 645 3578 formare3
677 3507 788 3565 deinde
814 3506 912 3564 Marci
933 3505 1025 3563 Tullii
1051 3505 1169 3572 Officia,
1202 3505 1283 3578 quod
1304 3505 1333 3563 is

399 3604 477 3662 liber
507 3620 568 3661 non
593 3603 735 3677 linguam
760 3603 861 3659 solum
889 3601 1067 3676 eloquentia
1087 3600 1191 3675 poliat,
1224 3601 1332 3658 sedet

400 3702 510 3773 pectus
532 3699 626 3756 rectis
648 3698 786 3755 moribus
801 3698 948 3764 instruat,
970 3696 1053 3755 unde
1069 3700 1100 3754 et
1114 3695 1204 3753 Plinii
1218 3696 1331 3754 iudicio

359 3810 386 3850 ao
400 3811 462 3853 non
474 3794 636 3868 legendus⁹
649 3793 705 3850 sed
716 3792 755 3851 ad
766 3793 897 3850 verbum
909 3794 951 3849 sit
962 3792 1158 3850 ediscendus
1171 3790 1330 3849 Postremo

400 3890 517 3964 aliquot
536 3887 707 3962 Vergiliani
727 3888 881 3961 poematis
903 3888 973 3945 libri
994 3889 1196 3962 exponentur,
1219 3902 1333 3960 nempe
