3409 4567
641 467 843 517 MOSELLANVS.
857 466 1056 512 PAEDOLOGIA.

407 654 530 713 animae
560 654 731 727 perniciem
763 653 823 711 sibi
854 652 1004 711 invenire.
1046 650 1236 712 Hortabatur
1267 671 1343 730 ergo

407 764 465 807 nos
486 764 604 816 omnes,
635 750 670 807 ut
702 748 884 807 hisdiebus
910 749 1090 822 peccatores
1123 764 1195 807 oum
1216 747 1343 810 Christo

407 844 439 902 in
461 860 553 903 cruce
574 859 775 912 moreremur,
802 860 863 917 quo
884 842 1007 902 felicius
1035 844 1067 901 et
1088 842 1250 902 sinceriori
1271 861 1343 903 cum

406 939 521 1014 gaudio
542 955 606 997 una
627 955 697 997 cum
718 954 755 997 eo
778 938 811 997 in
825 938 921 997 vitam
935 939 1144 997 transeamus
1180 937 1243 997 Hoc
1258 939 1342 997 enim

380 1034 531 1092 edicebat
551 1032 724 1108 significari
755 1050 812 1109 per
832 1034 910 1092 haec
931 1033 1113 1107 appetentia
1138 1050 1221 1091 nunc
1247 1032 1340 1101 festa,

408 1129 488 1203 quod
502 1129 622 1203 pascha
642 1128 792 1188 Hebraeis
808 1128 973 1187 transitum
988 1144 1007 1186 a
1021 1131 1120 1187 morte
1136 1128 1334 1203 peccatorum

408 1224 448 1282 ad
469 1225 566 1282 vitam
586 1224 739 1282 virtutum
760 1225 859 1282 sonet.

487 1318 613 1377 Lucas.
647 1318 687 1377 At
707 1318 832 1377 interim
855 1318 928 1392 quid
953 1317 992 1376 fit
1017 1318 1055 1376 de
1076 1318 1230 1392 placentis
1256 1318 1287 1376 et
1307 1318 1338 1375 id

409 1430 510 1489 genus
531 1414 600 1472 aliis
622 1414 768 1478 bellariis,
791 1431 871 1488 quae
892 1414 932 1472 ad
952 1413 1151 1472 imminentes
1172 1412 1230 1471 has
1244 1412 1337 1471 ferias

371 1524 396 1565 ro
409 1526 520 1585 parare
535 1506 784 1567 consueverunt?
815 1508 884 1567 Non
904 1510 935 1567 et
949 1509 987 1567 de
1005 1508 1066 1566 illis
1086 1509 1160 1582 quid
1174 1507 1336 1567 audivisti?

486 1602 633 1662 Paulus.
676 1602 800 1678 Apage!
826 1603 912 1662 'luus
929 1605 1052 1662 animus
1068 1604 1129 1662 iam
1152 1605 1253 1662 estin
1275 1603 1339 1680 pla·

409 1700 517 1766 centis,
545 1716 616 1758 cum
636 1698 695 1757 hoo
717 1700 867 1773 temporis
889 1699 1018 1757 articulo
1041 1698 1184 1757 Christus
1211 1699 1282 1758 olim
1304 1699 1341 1757 de

407 1796 474 1853 vita
494 1795 535 1852 sit
555 1795 758 1869 periclitatus
800 1794 967 1853 Placentae
998 1797 1091 1868 atque
1123 1794 1190 1852 eius
1215 1796 1341 1869 generis

408 1890 574 1949 illecebrae
601 1889 681 1948 aliae
712 1907 769 1948 suo
800 1888 867 1948 loco
899 1906 1074 1949 sermonem
1096 1889 1226 1961 dabunt;
1258 1906 1342 1949 nunc

371 1999 395 2040 15
410 1985 448 2044 de
469 1985 528 2044 alio
551 1985 617 2043 cibo
639 1984 763 2044 solliciti
784 2002 856 2044 esse
877 1986 1036 2043 debemus.

378 2285 442 2339 {naq
657 2270 885 2337 DIALOGVS
912 2270 1040 2334 ΧΧΧΙ.

629 2409 800 2468 Vrbanus
826 2412 863 2468 et
883 2409 1069 2468 Killanus.

488 2539 531 2593 De
550 2539 721 2592 lustratione
740 2538 820 2592 urbis
839 2544 870 2592 et
888 2554 1023 2591 arvorum
1040 2537 1214 2590 fabulantur.

488 2660 670 2720 Vrbanus.
712 2660 790 2731 Quid
812 2662 867 2730 est,
890 2661 1021 2728 Killane‚
1044 2660 1127 2734 quod
1147 2660 1235 2718 tanto
1255 2658 1341 2717 moli-

371 2771 398 2812 ao
410 2756 494 2815 mine
508 2757 630 2832 plateas
645 2760 675 2816 et
689 2758 774 2816 vicos
794 2774 903 2817 omnes
918 2756 1067 2815 verrunt?
1101 2754 1182 2814 Num
1196 2755 1343 2830 princeps

412 2852 567 2927 quispiam
588 2854 649 2912 huc
672 2855 720 2912 est
740 2849 914 2912 venturus?

488 2947 672 3007 Kilianus.
713 2949 848 3017 Minime,
880 2948 936 3007 sed
957 2948 1104 3022 quiddam
1131 2948 1180 3006 est
1206 2962 1275 3004 cras
1296 2943 1342 3002 iu·

413 3044 525 3109 turum,
549 3042 637 3100 cuius
659 3045 761 3118 gratia
781 3044 890 3102 merito
911 3042 963 3101 hic
983 3042 1021 3101 fit
1042 3045 1222 3117 apparatus.

489 3136 670 3196 Vrbanus.
706 3137 784 3209 Quid
805 3139 873 3207 hoc,
896 3138 1032 3213 quaeso?

372 3246 399 3287 25
491 3231 672 3291 Killanus.
708 3232 865 3292 Sollemne
879 3234 942 3292 iam
957 3235 1006 3292 est
1021 3234 1156 3291 crastino
1171 3233 1221 3291 die
1235 3230 1344 3288 urbem

415 3344 543 3402 corpore
577 3326 693 3386 Christi
725 3329 867 3397 lustrare,
910 3330 1064 3403 siquidem
1098 3326 1263 3403 primarius
1295 3323 1345 3381 hio

413 3424 558 3481 sacerdos
590 3423 839 3482 sacratissimum
859 3424 917 3483 hoc
939 3441 1052 3499 corpus
1084 3423 1200 3482 circum
1221 3420 1345 3478 moenia

413 3518 551 3593 gestabit
585 3519 735 3577 universa
771 3519 970 3578 sacerdotum
1009 3532 1104 3578 manu
1141 3518 1234 3589 atque
1269 3517 1344 3574 item

413 3614 527 3689 populo
549 3615 634 3672 omni
654 3630 673 3673 a
693 3615 782 3689 tergo
804 3615 1019 3688 sequentibus.

373 3722 400 3764 ao
492 3707 673 3768 Vrbanus.
714 3708 813 3768 Sacra
836 3708 944 3767 forsan
970 3708 1070 3775 erunt,
1098 3722 1178 3781 quae
1204 3705 1344 3765 nonnulli

415 3804 622 3864 amburbialia
641 3822 704 3864 non
726 3805 831 3878 inepte
852 3804 957 3862 vocari
977 3803 1094 3861 volunt.

494 3898 674 3959 Kilianus.
715 3898 823 3958 Erunt.
