3409 4567
627 1102 839 1189 ERSTER
865 1102 1115 1184 ANHANG.

585 1260 723 1320 rescae
742 1259 797 1319 aer
815 1259 965 1338 Ausgace
983 1277 1045 1321 von
1069 1260 1151 1321 1520.

357 1390 402 1444 De
424 1389 583 1459 relegenda
602 1390 808 1460 praelectione,
828 1389 864 1445 de
888 1388 1042 1445 ediscendo
1068 1389 1163 1460 deque
1186 1390 1340 1445 enotandis

580 1493 617 1531 ex
636 1476 804 1530 auctoribus
823 1475 962 1547 loquendi
980 1475 1122 1531 formulis:

379 1612 392 1655 5
722 1596 955 1663 DIALOGVS
979 1597 1022 1662 X.

407 1717 590 1772 Phaedrus
610 1723 640 1772 et
658 1723 755 1773 aetate
769 1726 799 1772 et
813 1718 977 1773 eruditione
995 1720 1087 1774 maior
1100 1717 1267 1772 cumfratre
1287 1734 1340 1772 suo

728 1805 859 1858 Ioanne
878 1804 1014 1875 loquitur.

485 1926 685 1986 Phaedrus.
727 1926 805 1998 Quid
825 1929 859 1986 tu
881 1928 1000 1986 otiosus
1022 1927 1072 1986 hic
1091 1927 1216 1986 desides
1231 1929 1263 1985 et
1276 1942 1339 1985 non

407 2024 511 2098 potius
532 2022 775 2097 praelectionem
796 2023 887 2080 modo
909 2023 1048 2081 auditam
1068 2018 1202 2097 relegis?

369 2133 394 2175 ro
485 2119 656 2177 loannes,
701 2117 809 2193 Relegi
831 2118 925 2191 atque
947 2118 1024 2175 adeo
1046 2116 1093 2175 bis
1115 2118 1212 2175 terve.

484 2212 684 2272 Phaedrus.
726 2214 766 2271 At
785 2211 921 2271 fortasse
942 2228 1004 2270 non
1027 2213 1104 2270 satis
1127 2212 1281 2270 accurate.

483 2308 652 2366 loannes.
691 2307 943 2374 Accuratissima
976 2308 1009 2364 ut
1035 2309 1132 2365 totam
1158 2307 1251 2365 etiam
1276 2322 1339 2365 me·

405 2402 504 2461 moria
524 2402 720 2477 complectar.

484 2496 686 2555 Phaedrus.
728 2497 776 2554 An
798 2500 852 2555 tuo
874 2499 905 2555 te
927 2495 1030 2554 oiiieio
1047 2496 1124 2555 satis
1139 2495 1341 2572 perfunctum

368 2607 392 2650 15
407 2592 517 2661 credis,
549 2592 576 2649 si
596 2592 746 2651 memoria
770 2594 894 2651 tantum
915 2594 1025 2651 teneas
1052 2594 1083 2650 et
1108 2592 1233 2667 psittaci
1253 2606 1340 2650 more

406 2689 504 2747 verba
524 2704 586 2746 non
607 2688 767 2746 intellecta
787 2689 982 2763 praeceptori
1003 2684 1135 2746 reddas?

483 2783 655 2842 ioannes.
703 2781 781 2853 Quin
803 2783 952 2857 intellego
974 2782 1086 2841 omnia.

485 2878 686 2938 Phaedrus.
729 2877 797 2946 Hui,
824 2874 947 2936 omnia?
988 2876 1064 2936 Vide
1086 2878 1160 2952 quid
1181 2878 1276 2936 dicas

375 2987 437 3040 {eeu}
484 2973 651 3032 loannes.
709 2973 827 3041 Omnia,
865 2974 1001 3047 inquam,
1021 2970 1024 3045 l
1043 2975 1078 3030 ut
1117 2973 1250 3031 maxime
1284 2974 1340 3033 tibi

367 3066 552 3125 invideatur
585 3067 779 3138 incredibile;
812 3071 906 3142 atque
937 3069 968 3126 id
998 3071 1033 3125 ut
1064 3068 1174 3127 credas
1205 3067 1339 3135 facilius,

406 3161 538 3219 liberum
569 3162 623 3219 tibi
655 3165 704 3220 est
735 3163 869 3237 singula,
904 3179 983 3238 quae
1015 3165 1054 3222 ad
1090 3164 1181 3222 modo
1202 3163 1340 3222 auditam

406 3257 650 3331 praelectionem
671 3258 815 3321 attinent,
839 3274 877 3316 ex
898 3275 948 3317 me
970 3259 1159 3333 perquirere.

485 3351 687 3410 Phaedrus.
743 3351 875 3428 Singula
908 3355 1055 3428 persequi
1094 3355 1126 3411 in
1160 3353 1341 3429 praesentia

407 3463 470 3504 non
502 3450 551 3505 est
581 3447 692 3518 otium;
725 3447 782 3506 hoc
813 3450 937 3507 tantum
969 3463 1096 3523 quaero:
1128 3449 1272 3523 primum.
1299 3466 1339 3509 an

367 3555 393 3598 25
407 3544 504 3599 totam
526 3543 662 3601 auctoris
683 3543 874 3602 sententiam
896 3560 933 3601 ex
954 3544 1167 3618 praeceptoris
1188 3544 1339 3620 interpre-

406 3637 524 3696 tatione
546 3638 590 3695 sis
611 3639 776 3695 assecutus
802 3640 832 3696 et
854 3655 916 3712 qua
937 3639 1072 3712 quidque
1098 3639 1218 3698 ratione
1239 3655 1340 3713 quove

407 3732 535 3791 consilio
570 3734 611 3791 sit
636 3734 762 3796 dictum.
788 3733 968 3808 intellegas3
1005 3734 1125 3801 deinde,
1156 3735 1340 3809 singulaene

407 3827 565 3887 clausulas
604 3827 798 3902 expenderis,
834 3828 980 3888 videlicet
1013 3829 1041 3887 si
1075 3846 1168 3904 quam
1204 3828 1341 3888 habeant
