3409 4567
679 477 881 527 MOSELLANVS.
896 475 1093 521 Parnotoum.

527 662 685 722 Statius.
727 662 805 735 Quid
827 661 979 721 commodi
1003 662 1075 720 inde
1097 661 1179 736 capit
1204 676 1306 720 novus
1327 658 1380 718 ille

448 760 480 817 et
499 757 642 818 factitius
664 754 850 833 episcopus?

525 852 705 913 Lucanus,
747 852 869 919 Nescio
897 852 957 910 nisi
984 852 1063 926 quod
1086 850 1227 910 convivio
1253 850 1380 909 tandem

448 949 555 1007 nescio
575 949 663 1007 ouius
685 950 813 1023 sumptu
833 949 984 1006 instructo
1001 946 1154 1020 excipitur
1175 948 1206 1005 et
1226 947 1293 1004 tum
1314 946 1379 1004 lau·

421 1057 434 1099 5
449 1044 569 1102 tissime
590 1046 750 1102 tractetur.

527 1138 681 1197 Statius.
704 1138 772 1197 Non
784 1141 815 1197 et
830 1138 964 1202 interim,
982 1138 1055 1195 dum
1071 1139 1119 1196 est
1135 1137 1167 1195 in
1182 1137 1379 1212 magistratu,

450 1233 644 1293 vacationem
665 1251 683 1292 a
705 1234 843 1292 discendi
874 1249 1003 1291 munere
1035 1233 1129 1292 habet
1150 1234 1204 1291 aut
1223 1247 1321 1305 aeque
1343 1247 1380 1289 ac

450 1330 546 1387 ceteri
565 1345 694 1388 manum
714 1327 832 1387 ferulae
855 1325 977 1386 subditi

526 1423 707 1482 Lucanus.
748 1424 856 1497 Aeque
877 1423 1002 1481 omnino
1025 1423 1110 1491 adeo,
1135 1425 1171 1480 ut
1194 1438 1256 1480 non
1277 1420 1380 1497 magis

419 1532 480 1586 [cea]
505 1519 546 1577 sit
563 1519 738 1594 episcopus,
757 1535 851 1592 quam
870 1515 873 1591 l
892 1520 967 1576 sunt
982 1518 1014 1576 hi
1030 1534 1130 1592 reges,
1148 1516 1201 1591 qui
1215 1517 1247 1575 in
1258 1519 1380 1592 tragoe-

449 1613 506 1671 diis
527 1613 772 1688 Agamemnonis
794 1616 847 1671 aut
867 1612 980 1671 Priami
1000 1629 1167 1687 personam
1187 1614 1311 1688 gerunt.

527 1707 684 1767 Statius,
725 1707 884 1766 Eiusmodi
906 1708 1055 1767 honorem
1075 1707 1151 1766 mihi
1177 1724 1217 1766 ne
1238 1709 1381 1782 optarem

450 1803 581 1877 quidem.

709 2146 936 2213 DIALOGVS
960 2147 1070 2212 XXII.

693 2295 849 2354 lacobus
872 2299 907 2354 61
927 2296 1092 2354 Thomas

601 2433 647 2487 De
666 2434 755 2487 variis
774 2433 947 2502 spectaculis
966 2433 1177 2504 colloquuntur.

525 2573 689 2632 lacobus.
731 2571 809 2644 Quid
830 2589 900 2633 cras
922 2574 963 2631 sit
984 2572 1124 2631 futurum
1145 2568 1300 2632 audistin?

525 2667 688 2727 Thomas.
731 2667 812 2726 Nihil
838 2668 990 2742 equidem,
1017 2668 1077 2726 nisi
1102 2685 1182 2742 quae
1207 2668 1284 2727 alias
1309 2665 1379 2726 fieri

449 2766 686 2823 consueverunt.
1096 2747 1099 2756 ¹

409 2872 435 2914 20
524 2859 690 2917 Iacobus.
731 2858 778 2917 De
799 2858 986 2933 spectaculis
1007 2857 1102 2917 nihili

526 2952 690 3012 Thomas
732 2952 814 3011 Nihil
834 2954 941 3027 plane;
962 2970 1037 3011 num
1058 2954 1190 3011 edentur
1211 2945 1332 3026 aliqua?

525 3047 689 3106 lacobus
729 3047 867 3106 Edentur
893 3050 924 3106 et
955 3048 1076 3121 quidem
1103 3048 1198 3107 varia.
1230 3047 1309 3106 Nam
1330 3046 1378 3107 fu·

448 3142 612 3201 nambulos
633 3143 711 3201 duos
732 3144 844 3202 adesse
871 3143 970 3211 audio,
1002 3143 1055 3217 qui
1085 3159 1154 3202 cras
1185 3145 1234 3202 sui
1255 3142 1379 3203 artificii

448 3238 631 3297 miraculum
652 3239 863 3298 ostentabunt.
903 3238 980 3297 'lum
1000 3238 1158 3299 Sarmatas
1180 3239 1296 3314 aliquot
1314 3238 1379 3298 vidi

409 3347 435 3388 25
448 3334 525 3407 ipse,
556 3335 607 3407 qui
632 3335 785 3393 immanes
809 3350 900 3393 ursos
925 3334 964 3393 ad
988 3335 1132 3408 exiguam
1156 3336 1269 3408 stipem
1293 3336 1379 3393 iuxta

448 3427 592 3486 lituorum
614 3431 724 3487 cantus
746 3429 923 3487 saltitantes
945 3429 1142 3488 exhibebunt.

525 3523 691 3582 Thomas.
732 3523 852 3582 Curaho
875 3540 996 3598 quoquo
1018 3523 1115 3592 modo,
1137 3526 1172 3582 ut
1192 3525 1224 3582 et
1244 3525 1312 3598 ipse
1332 3525 1378 3583 in·

449 3620 565 3685 tersim
588 3619 710 3677 etiamsi
731 3635 781 3676 me
801 3620 870 3693 ipse
891 3620 1048 3677 intrudere
1070 3618 1207 3677 debeam.

526 3714 689 3773 lacobus.
735 3713 792 3772 Vix
816 3715 941 3788 poteris,
974 3714 1222 3788 quandoquidem
1243 3715 1379 3789 quinon

409 3822 436 3864 ao
450 3810 615 3867 numerant
635 3808 719 3867 foras
742 3810 930 3883 quatiuntur.

526 3904 691 3963 Thomas,
733 3904 849 3963 Pallam
871 3906 956 3979 ipsos
977 3906 1133 3965 ianitores
