3409 4567
640 436 844 488 MOSELLANV&
859 438 1058 482 PAEDOLOGIA.

485 617 668 679 Valerius.
718 617 812 677 Recte
844 622 946 693 putas,
979 637 1051 678 nam
1083 624 1114 679 et
1145 624 1213 697 ipse
1244 641 1341 701 saepe

407 714 536 773 stultam
571 713 824 773 muliercularum
855 714 1003 787 pietatem
1039 716 1101 782 risi,
1139 734 1218 789 quae
1250 721 1340 780 suffi-

407 809 519 884 geudis
550 809 643 868 etiam
670 808 781 867 cotidie
813 809 912 867 cereis
934 808 1062 881 triginta
1093 825 1148 867 sex
1170 813 1247 871 adeo
1280 818 1340 876 sibi

408 905 540 979 placent,
556 905 590 962 ut
601 919 657 978 per
670 903 728 961 hoc
740 903 861 962 caelum
872 919 907 961 se
918 902 1069 960 demereri
1085 905 1223 973 credant,
1240 925 1338 980 quan.

380 999 523 1058 atumvis
545 997 666 1056 fortiter
687 999 717 1055 in
739 997 852 1072 plateis
875 1011 1030 1072 pauperes
1052 997 1200 1056 esuriant.

650 1270 876 1337 DIALOGVS
900 1272 1042 1337 XXVII.

594 1420 781 1479 Fabianus
803 1422 838 1478 et
859 1419 1095 1481 Franciscus.

475 1551 519 1604 De
540 1548 769 1603 Bacchanalibus
782 1548 1014 1604 Christianorum
1032 1549 1207 1606 fabulantur.

481 1672 675 1731 Fabianus.
717 1670 795 1742 Quid
821 1689 936 1730 causae
958 1675 1015 1740 est,
1048 1673 1224 1742 Francisce‚
1255 1674 1334 1748 quod

368 1782 392 1824 ro
406 1768 473 1828 heri
495 1768 601 1826 ludum
623 1784 685 1824 non
707 1783 741 1824 es
762 1764 948 1841 ingressus?

482 1862 716 1921 Franciscus.
758 1862 903 1923 Graviter
923 1880 960 1922 ex
976 1863 1077 1938 capite
1092 1863 1280 1931 laborabam,
1302 1870 1337 1921 ut

406 1956 505 2014 lucem
525 1957 608 2015 terre
630 1974 691 2016 non
713 1975 847 2033 possem.

482 2051 678 2110 Fabianus.
732 2053 818 2112 Belle
853 2054 995 2112 morbum
1030 2070 1172 2121 excusas
1212 2054 1336 2127 quando

404 2146 534 2221 vulgare
555 2148 616 2205 iam
639 2151 688 2206 est
709 2149 924 2214 scholasticos,
947 2149 973 2206 si
993 2148 1116 2222 quando
1132 2148 1181 2206 vel
1196 2146 1336 2205 discendi

367 2254 391 2298 ιε
405 2241 551 2299 sudorem
582 2241 729 2300 horreant
759 2243 809 2302 vel
841 2243 975 2302 ferulam
1005 2244 1155 2306 metuant,
1190 2242 1335 2316 ignaviae

403 2352 480 2394 suae
495 2337 706 2394 valetudinem
720 2343 911 2411 praetexere.
933 2338 965 2393 ut
982 2336 1189 2394 scholasticus
1207 2336 1333 2391 morbus

404 2446 459 2504 pro
481 2432 664 2488 assimulato
686 2433 717 2487 et
739 2431 874 2488 conficto
889 2429 1072 2503 iampridem
1090 2430 1121 2487 in
1135 2429 1333 2503 proverbium

403 2524 523 2584 abierit.

482 2617 715 2676 Franciscus.
757 2616 836 2689 Quid
867 2618 920 2677 alii
941 2619 1066 2686 faciant,
1098 2619 1219 2689 nescio;
1250 2629 1334 2676 certe

363 2715 485 2788 acquod
500 2713 541 2771 ad
555 2729 604 2770 me
619 2714 740 2782 attinet,
754 2713 881 2772 mallem
896 2714 999 2773 decies
1013 2713 1146 2773 ferulam
1160 2714 1227 2789 pati
1241 2730 1334 2789 quam

402 2807 501 2866 semel
534 2808 566 2864 in
599 2824 669 2865 eum
705 2808 842 2867 dolorem
875 2811 1022 2870 recidere.
1054 2810 1178 2868 etiamsi
1208 2809 1333 2868 vixdum

402 2902 496 2977 plane
516 2901 643 2960 revalui.
686 2903 749 2962 Sed
770 2905 843 2978 quid
858 2906 926 2963 tute
940 2906 1002 2964 iam
1016 2905 1067 2963 hic
1087 2901 1245 2963 versaris?
1286 2906 1333 2961 An

402 3013 464 3054 non
487 2996 561 3054 hom
584 2998 645 3056 iam
666 3011 713 3056 est
736 3001 992 3074 praeceptoribus
1014 2997 1230 3059 auscultandi?

480 3090 674 3150 Fabianus.
726 3092 788 3154 Est.
821 3094 877 3151 sed
909 3095 946 3151 ob
977 3094 1055 3152 haec
1087 3094 1334 3152 Christianorum

363 3187 495 3259 aquasi
529 3186 735 3244 Bacchanalia
775 3188 869 3245 tridui
904 3189 1087 3246 missionem
1119 3189 1208 3245 nobis
1248 3189 1332 3244 dedit

403 3289 601 3356 praeceptor;
623 3282 721 3338 vetuit
738 3294 841 3339 tamen
856 3283 956 3356 graui.
977 3283 1004 3338 si
1020 3283 1090 3356 quis
1105 3282 1187 3340 dicto
1202 3283 1332 3339 audiens

402 3391 465 3432 non
475 3375 578 3436 luerit.
594 3376 751 3449 pinoposim
768 3392 877 3450 poena.
901 3378 1024 3449 nequis
1040 3376 1187 3451 opiticum
1202 3376 1331 3431 istorum

401 3470 633 3528 manuariorum
673 3470 814 3544 exemplo
856 3470 942 3528 larua
981 3479 1169 3543 personatus
1207 3469 1332 3526 vicatim

401 3564 542 3622 cursitet.
579 3564 660 3637 quiid
693 3563 769 3620 haer
804 3565 926 3621 insania
962 3581 1033 3621 cum
1067 3564 1157 3620 bonis
1188 3564 1332 3620 omnibus

362 3667 390 3710 ab
403 3665 470 3714 tum
491 3660 625 3716 maxime
645 3656 829 3716 Christianis
851 3659 891 3714 sit
913 3658 1049 3730 indigna

480 3750 714 3810 Franciscus
765 3753 803 3808 At
839 3768 898 3825 ego
932 3751 1113 3809 iamdudum
1147 3750 1265 3808 larvam
1300 3754 1331 3808 ia

402 3843 485 3904 huuc
506 3862 599 3905 usum
619 3847 700 3905 dalmi
722 3844 876 3903 inclusam
896 3846 1037 3904 adserto.
