3409 4567
277 462 281 472 ·
359 457 397 515 54
583 487 585 492 .
747 451 950 496 messuimus.

379 653 440 707 {aar
463 636 649 697 conflictans
680 636 799 711 profec·
827 642 830 710 l
856 638 908 695 tus
945 636 991 694 tui
1021 635 1195 710 periculum
1233 636 1346 696 faciae.

411 732 605 808 Quamquam
644 731 737 790 simul
771 733 802 790 et
835 731 1030 790 inambulare
1070 731 1102 789 et
1138 730 1273 790 fabulari
1315 733 1348 791 et

411 830 573 904 disputare
608 826 689 894 licet,
732 827 775 885 'ta
804 828 840 885 ut
875 826 995 885 nullum
1037 826 1079 885 eit
1118 827 1242 901 tempus
1278 828 1345 886 tam

411 925 607 998 occupatum,
629 938 748 996 exque
774 939 837 980 non
863 922 997 995 aliquem
1017 920 1154 981 fructum
1176 922 1345 997 decerpere

384 1021 506 1093 aqueat
541 1034 615 1077 vere
651 1018 821 1075 studiosus.
874 1016 1006 1075 Mirifice
1041 1017 1146 1075 autem
1179 1016 1345 1092 profuerit,

411 1117 563 1188 quantum
593 1113 675 1181 licet,
706 1113 901 1187 praeceptori
932 1113 1021 1170 docto
1053 1129 1179 1187 semper
1203 1112 1344 1183 haerere,

410 1226 481 1268 eum
512 1226 645 1283 semper,
667 1224 790 1282 quoquo
822 1208 902 1274 ierit,
934 1207 1083 1275 comitari,
1111 1224 1236 1283 semper
1261 1209 1346 1267 domi

409 1304 461 1363 vel
482 1321 589 1363 secum
610 1304 661 1362 vel
681 1304 764 1379 apud
784 1304 902 1361 amicos
924 1303 962 1360 de
983 1302 1078 1361 variis
1100 1303 1194 1362 rebus
1215 1301 1344 1376 loquen-

411 1403 474 1458 tem
505 1399 621 1467 eudire‚
662 1399 694 1456 in
726 1413 862 1457 summa:
903 1399 1105 1473 praeceptore
1140 1414 1203 1456 non
1237 1399 1344 1458 minus

374 1509 398 1550 10
410 1494 606 1552 familiariter
626 1511 719 1568 quam
739 1495 921 1552 reverenter
941 1493 1000 1564 uti;
1030 1493 1227 1551 familiaritas
1253 1510 1344 1569 prae·

412 1590 515 1657 stabit,
538 1606 577 1647 ne
599 1589 672 1663 quid
694 1591 724 1646 te
744 1589 831 1656 celet,
853 1589 1038 1656 reverentia,
1061 1605 1101 1647 ne
1121 1605 1155 1647 se
1177 1589 1303 1664 neglegi
1325 1607 1347 1649 a

411 1688 442 1743 te
473 1701 529 1743 seu
561 1685 684 1759 ingrato
716 1685 884 1759 suspicans
915 1684 1031 1758 aliquid
1062 1684 1100 1744 de
1132 1701 1189 1743 suo
1215 1700 1291 1759 erga
1311 1687 1345 1744 te

410 1779 528 1839 affectu
549 1780 721 1838 imminuat.

514 1911 638 1986 Lipsiae
660 1911 690 1969 in
713 1910 843 1969 aedibus
864 1909 1021 1968 Valentini
1044 1908 1225 1968 Schumann

514 2022 623 2065 mense
644 2005 820 2081 Septembri
842 2022 924 2064 anno
946 2006 1063 2064 domini
1083 2004 1222 2063 MDXXI.

614 3879 691 3923 Druck
704 3890 751 3923 von
765 3879 792 3922 G.
806 3878 999 3924 Betuctelum
1014 3877 1097 3922 Berlin.
