3409 4567
639 462 841 511 mosettarlva
853 460 1052 505 Pauuoloula

485 645 630 704 Brutus.
681 646 831 706 Libellum
866 648 1044 722 quempiam
1078 644 1179 712 dares,
1214 642 1336 718 quando

408 740 488 799 belle
509 740 649 815 quadrat,
680 744 715 799 ut
746 742 838 800 homo
872 742 986 800 litteris
1006 740 1131 799 deditus
1152 740 1336 799 litterarium

409 851 531 909 quoque
551 835 604 893 det
624 837 852 895 munusculum.

485 928 696 990 Petrucius
736 930 853 990 Verum
875 932 934 991 hac
955 930 1141 990 liberalitate
1166 930 1337 989 studiorum

382 1039 549 1084 5meorum
569 1028 719 1085 iacturam
740 1026 885 1093 facerem,
918 1026 999 1100 quod
1020 1042 1079 1085 nec
1099 1027 1176 1102 ipse,
1207 1023 1337 1083 simodo

410 1122 529 1179 amicus
550 1137 594 1188 es
615 1121 706 1179 nobis
727 1122 884 1181 suadebis.

487 1213 636 1273 Brutus.
663 1215 790 1274 locabar
805 1219 908 1275 tecum
920 1219 952 1275 et
967 1219 998 1274 te
1010 1216 1084 1291 quid
1098 1213 1189 1275 animi
1202 1212 1334 1272 haberes

410 1309 552 1369 volebam
586 1312 775 1384 pertentare,
815 1328 887 1369 cum
920 1312 979 1369 has
1015 1308 1252 1370 eonsuetudines
1277 1322 1334 1365 nec

410 1406 479 1479 ipse
499 1404 728 1480 margaritariam,
754 1413 789 1463 ut
814 1408 866 1479 qui
892 1408 952 1464 iam
974 1423 1070 1481 saepe
1095 1403 1261 1465 audiverim
1280 1417 1332 1460 eas

373 1514 398 1556 ro
412 1500 500 1558 nobis
515 1516 532 1559 e
547 1501 721 1575 gentilitate
734 1501 868 1559 relictas
904 1500 1000 1559 Cuius
1014 1500 1141 1576 generis
1155 1514 1226 1559 esse
1237 1496 1331 1562 audio,

412 1596 494 1669 quod
514 1597 546 1653 in
568 1596 753 1669 quibusdam
768 1593 936 1654 Christiani
951 1596 1034 1655 orbis
1050 1595 1230 1671 regionibus
1242 1590 1334 1669 pridie

412 1690 568 1758 feriarum,
600 1707 680 1764 quae
700 1691 799 1749 tribus
829 1693 931 1765 magis
953 1693 1028 1749 sunt
1048 1706 1168 1760 sacrae,
1199 1686 1336 1765 singulae

413 1786 522 1844 domus
549 1786 691 1861 singulos
711 1802 804 1861 reges
826 1789 948 1857 creent;
978 1803 1052 1845 nam
1082 1785 1285 1845 haecomnia
1304 1798 1339 1840 er

413 1881 607 1941 ethnicorum
627 1881 840 1940 saturnalibus
862 1882 894 1938 in
915 1881 994 1940 haec
1014 1897 1115 1954 usque
1136 1882 1278 1955 tempora
1291 1877 1340 1937 de·

375 1990 399 2032 15
413 1975 543 2035 fluxisse
562 1980 700 2051 apparet.

490 2070 696 2130 Petruoius.
743 2071 821 2142 Quia
845 2072 939 2129 trium
964 2088 1127 2146 magorum
1154 2071 1343 2131 mentionem

413 2164 525 2234 iecisti,
546 2168 648 2235 velim,
680 2168 778 2226 sicubi
811 2169 865 2225 aut
896 2167 1032 2225 audieris
1054 2170 1109 2225 aut
1129 2166 1246 2243 legeris
1266 2166 1342 2239 ipse.

413 2260 488 2318 mihi
518 2263 674 2335 expedias,
706 2264 848 2337 primum,
881 2263 954 2335 quid
980 2263 1038 2320 sibi
1069 2262 1158 2321 velit:
1189 2261 1270 2336 quod
1290 2275 1343 2318 eos

414 2356 502 2414 divos
517 2357 566 2415 alii
582 2373 683 2431 reges,
703 2357 753 2415 alii
774 2374 883 2431 magos
903 2357 1071 2431 appellant,
1094 2357 1178 2431 quod
1189 2355 1343 2433 posterius

375 2465 402 2507 ao
416 2467 474 2525 ego
495 2451 533 2509 de
554 2452 628 2509 solis
649 2451 802 2511 maleficis
824 2455 856 2510 et
876 2453 1168 2527 praestigiatoribus
1183 2452 1243 2510 dici
1257 2450 1343 2526 puta·

415 2547 496 2613 bam,
524 2563 597 2604 nam
617 2549 792 2620 utrumque,
827 2552 863 2604 ut
893 2550 983 2615 nosti,
1010 2548 1042 2605 in
1068 2548 1168 2607 sacris
1190 2546 1344 2614 canimus;

415 2641 536 2722 deinde,
568 2658 624 2701 cur
653 2642 713 2701 hae
744 2641 841 2701 feriae
875 2659 987 2716 graeco
1024 2643 1176 2701 vocabulo
1206 2641 1344 2725 ἐπιφάνια

415 2739 643 2812 nuncupentur.

494 2833 641 2892 Brutus.
681 2830 799 2898 Dicam,
821 2849 902 2906 quae
923 2849 1018 2907 super
1038 2832 1098 2890 hac
1119 2848 1153 2891 re
1174 2832 1287 2907 partim
1307 2844 1345 2888 ex

376 2940 403 2985 aa
417 2931 619 3003 praeceptore
640 2927 786 2995 dictante,
812 2930 926 3000 partim
955 2928 1168 2987 contionatore
1193 2924 1345 3001 superiori

417 3040 499 3082 anno
521 3024 637 3098 excepi.
668 3022 822 3096 Principio
843 3039 1006 3096 magorum
1028 3022 1238 3098 appellatione
1254 3018 1344 3079 Chal·

417 3120 485 3178 daei
507 3135 578 3187 non,
599 3121 634 3177 ut
647 3118 763 3193 vulgus
777 3119 876 3192 putat,
898 3119 1164 3193 praestigiatores
1186 3116 1242 3175 sed
1262 3114 1346 3172 viros

378 3220 441 3275 1D1³l
469 3216 628 3289 sapientes
649 3217 834 3287 nuncupant
848 3214 880 3271 et
894 3215 1084 3272 secretorum
1105 3213 1236 3271 naturae
1257 3213 1345 3283 con-l

417 3312 512 3382 scios3
540 3326 670 3384 quorum
691 3308 843 3384 professio
865 3324 884 3366 a
904 3309 1089 3381 quibusdam
1114 3308 1209 3366 etiam
1229 3302 1347 3364 Latinis

377 3420 405 3463 ao
419 3408 523 3481 magia
543 3404 696 3463 naturalis
717 3404 838 3471 dicitur,
871 3404 928 3462 sed
959 3404 1032 3477 quia
1051 3404 1130 3463 haec
1157 3417 1209 3461 res
1230 3399 1347 3458 finibus

417 3503 483 3560 suis
515 3518 576 3559 non
598 3502 745 3559 contenta
774 3499 924 3572 temporis
945 3515 1115 3574 progressu
1139 3498 1171 3556 in
1193 3496 1348 3555 curiosam

418 3597 573 3671 quendam
595 3596 780 3655 daemonum
799 3595 1003 3666 imposturam
1025 3593 1074 3651 est
1088 3592 1225 3668 delapsa,
1247 3587 1349 3664 coepit

418 3692 659 3751 honestissimae
692 3691 768 3749 artis
799 3687 986 3745 vocabulum
1006 3688 1118 3761 probro
1140 3702 1220 3746 esse.
1262 3682 1348 3755 Quod

417 3791 523 3847 autem
543 3789 635 3847 iidem
656 3786 689 3845 hi
710 3801 801 3861 reges
822 3784 855 3840 in
876 3782 988 3857 psalmi
1008 3782 1173 3857 prophetia
1192 3780 1347 3845 dicuntur,

378 3898 405 3940 ³5
419 3900 481 3942 non
502 3884 548 3943 sic
573 3885 623 3942 est
642 3880 868 3958 accipiendum,
890 3881 926 3936 ut
946 3878 1037 3937 hodie
1063 3880 1138 3937 sunt
1158 3892 1258 3953 reges,
1289 3872 1348 3931 hoc
