3409 4567
683 472 835 516 DIALOGVS
849 472 1007 517 XXIII—XXV.
1300 479 1334 536 31

405 672 478 715 nam
509 659 541 716 et
570 660 677 733 peiora
706 658 755 716 his
786 660 875 732 passi
896 674 1014 717 sumus.
1051 656 1145 717 Dabit
1169 658 1255 718 Deus
1287 660 1337 718 his

405 768 527 825 quoque
555 751 661 822 tinem,
695 755 730 811 ut
760 757 882 813 taceam
912 754 970 813 hos
1001 756 1123 812 nostros
1152 754 1274 814 labores
1304 757 1337 813 in

404 848 530 921 pietatis
552 849 669 907 cultum
691 849 809 907 cedere.

483 941 629 1001 Penius
671 941 762 1002 Certe
783 944 854 1018 plus
881 944 958 1002 satis
986 942 1109 1003 delicati
1130 961 1283 1013 essemus,
1310 947 1337 1003 si

379 1052 468 1096 snon
488 1039 611 1096 tantum
632 1039 793 1097 molestiae
822 1038 874 1097 vel
898 1055 954 1112 pro
979 1039 1044 1096 solo
1065 1037 1187 1098 Christo
1208 1040 1336 1099 devera-

404 1149 519 1201 remus
542 1135 631 1191 ouius
651 1135 800 1209 respectu
820 1135 866 1191 tot
885 1133 1053 1192 infantium
1077 1135 1227 1193 innocens
1249 1136 1336 1194 aetas

406 1228 547 1287 crudeles
568 1227 772 1287 barbarorum
801 1229 935 1287 militum
955 1229 1075 1303 gladios
1101 1234 1150 1287 est
1171 1246 1337 1304 perpessa;

406 1324 496 1381 ouius
517 1324 562 1381 rei
583 1325 733 1382 memoria
753 1325 784 1381 et
804 1323 853 1381 his
875 1323 962 1381 feriis
984 1325 1150 1382 coniuncta
1170 1327 1227 1383 est.

483 1417 718 1477 Franciscus.
759 1418 821 1477 Sed
841 1418 918 1477 illud
939 1435 1064 1492 quaeso,
1087 1420 1161 1493 quid
1182 1419 1241 1478 sibi
1261 1421 1336 1489 vult,

368 1527 393 1569 10
407 1514 489 1587 quod
510 1512 678 1573 sacrificuli
703 1515 735 1571 in
765 1514 827 1572 divi
860 1514 984 1573 loannis
1020 1513 1108 1573 feriis
1133 1515 1338 1590 popularibus

405 1610 514 1667 vinum
534 1625 551 1667 e
573 1614 696 1667 sacrato
718 1609 814 1668 calice
835 1606 1021 1684 propinant?

481 1702 628 1762 Penius.
668 1703 781 1763 Nescio
802 1706 956 1778 equidem,
977 1707 1038 1763 nisi
1060 1706 1141 1779 quod
1162 1705 1265 1764 audivi
1278 1704 1338 1762 hoc

405 1798 551 1873 poculum
574 1801 685 1873 utpote
710 1816 834 1859 sacrum
865 1800 995 1858 antidoti
1025 1802 1093 1860 vice
1125 1817 1197 1859 esse
1229 1802 1338 1858 contra

405 1896 519 1952 veneni
540 1894 688 1970 pericula.

370 2003 394 2044 15
484 1988 722 2047 Franciscus.
762 1991 804 2047 At
818 2007 876 2065 ego
891 1991 985 2047 nolim
999 1989 1059 2048 hac
1072 1989 1190 2048 fiducia
1204 1990 1337 2047 cicutam

407 2084 522 2154 bibere,
543 2087 744 2158 quantumvis
775 2087 816 2143 sit
841 2085 900 2144 hoc
925 2085 1079 2159 poculum,
1111 2087 1145 2143 ut
1172 2084 1258 2151 dicis,
1290 2099 1338 2141 sa-

666 2472 893 2539 DIALOGVS
916 2472 1026 2538 XXV.

633 2614 770 2671 Brutus
793 2615 832 2671 et
855 2612 1061 2671 Petrucius

370 2746 456 2800 20De
484 2747 554 2798 novi
583 2747 650 2798 anni
677 2747 810 2813 ingressu
841 2743 1000 2811 loquuntur
1023 2740 1117 2810 deque
1136 2738 1315 2794 missitandis

774 2829 921 2883 strenuus.

485 2953 632 3012 Brutus.
686 2952 836 3011 Faustum
857 2967 975 3009 annum
995 2949 1078 3007 hunc
1099 2965 1214 3007 novum
1240 2951 1271 3007 et
1295 2946 1339 3005 ie·

408 3048 572 3109 licem·tibi
593 3064 711 3122 precor,
733 3049 775 3104 mi
795 3044 928 3105 Petruci.

485 3126 701 3202 Petrucius.
743 3142 781 3200 Et
802 3159 869 3217 ego,
900 3142 936 3198 ut
967 3157 1037 3199 cum
1062 3140 1190 3199 faenore
1216 3137 1271 3196 tibi
1292 3153 1338 3195 re-

370 3246 432 3300 [Ctbl
461 3256 583 3315 ponam,
603 3236 606 3312 l
625 3255 687 3295 non
702 3237 785 3295 hunc
805 3237 915 3303 solum,
937 3238 989 3310 qui
1004 3236 1066 3293 iam
1079 3234 1261 3310 ingreditur,
1284 3232 1340 3289 sed

408 3337 511 3393 omnia
531 3336 625 3392 totius
647 3335 730 3391 vitae
752 3336 893 3405 tempora
912 3332 1005 3390 beata
1026 3330 1081 3389 tibi
1103 3333 1183 3405 opto.

485 3430 632 3488 Brutus
666 3427 802 3486 Tametsi
817 3426 941 3485 mallem
958 3426 1130 3484 strenulam
1145 3424 1220 3481 milri
1235 3423 1340 3497 potius

408 3526 499 3584 dares
521 3541 614 3597 quam
634 3522 835 3598 magnificam
857 3521 942 3579 illam
964 3525 995 3579 et
1023 3521 1204 3579 sollemnem
1226 3520 1337 3591 impre-

409 3622 570 3679 cationem.
982 3667 984 3671 ,

368 3730 395 3771 so
486 3714 696 3772 Petrucius.
757 3712 798 3769 At
838 3728 916 3783 quas
959 3714 1083 3769 strenas
1125 3710 1199 3767 dare
1240 3708 1340 3782 possit

409 3809 579 3876 Patroclus,
602 3810 653 3882 qui
674 3810 801 3882 praeter
821 3806 971 3880 pauculos
993 3806 1113 3864 libellos
1132 3804 1228 3863 hebet
1247 3802 1341 3876 plane

409 3905 503 3963 nihil‘l
