3409 4567
665 454 869 505 MOSELLANVS,
883 454 1082 499 PAEDOLOGIA.

512 639 707 715 Aegidiu's.
750 638 828 711 Quid
849 641 894 699 ita
914 639 1128 708 stomacharis,
1154 641 1196 698 mi
1217 637 1368 710 Conrado,

434 738 465 794 in
487 737 614 794 sanctos
636 734 788 793 ecclesiae
809 735 936 809 patres?
977 734 1034 807 Qui
1059 735 1138 794 haec
1164 737 1269 795 omnia
1288 736 1369 796 bono

433 832 535 889 animo
557 831 734 888 statuerunt
754 846 816 888 non
837 830 936 898 nobis,
958 831 1015 904 qui¹
1031 830 1109 889 haec
1130 846 1189 889 nec
1205 832 1369 906 praestare

434 942 491 1001 per
517 925 653 984 aetatem
684 924 840 999 adigimur
865 942 923 984 nec
948 942 1005 1000 per
1029 926 1166 1000 inopiam
1187 941 1368 1000 possumus,

407 1021 491 1079 ssed
512 1022 561 1078 sui
575 1019 737 1088 similibus,
759 1019 818 1078 hoo
839 1021 889 1078 est
909 1020 1054 1078 divitibus
1074 1020 1144 1078 istis
1165 1021 1197 1079 et
1217 1020 1368 1081 delicatis.

512 1113 716 1173 Conradus
757 1113 814 1186 Qui
835 1116 898 1173 sois
919 1114 1017 1174 haec?
1355 1189 1358 1194 y

511 1210 699 1285 Aegidius.
741 1209 899 1286 Superiori
924 1227 1005 1272 anno
1036 1227 1053 1269 e
1084 1210 1217 1285 quodam
1254 1214 1368 1271 contio·

434 1308 542 1364 natore
563 1305 676 1373 audivi,
698 1306 749 1379 qui
771 1306 840 1363 divo
862 1305 1057 1379 Hieronymo,
1080 1322 1268 1379 quamquam
1283 1323 1367 1365 acer-

434 1402 511 1458 rimo
533 1402 718 1459 ieiuniorum
739 1402 884 1467 exactori,
917 1400 1081 1475 displicere
1112 1400 1214 1460 aiebat
1234 1403 1368 1462 maxime

396 1510 421 1551 ro
434 1497 465 1553 in
488 1497 605 1553 teneris
637 1496 792 1554 aetatibus
824 1496 917 1570 longa
948 1497 980 1554 et
1009 1496 1214 1554 immoderata
1243 1496 1367 1556 ieiunia.

433 1590 489 1658 Ne,
511 1590 771 1664 quemadmodum
793 1592 862 1665 ipse
883 1592 1042 1659 scriberet,
1075 1592 1147 1650 ante
1173 1591 1270 1666 pedes
1292 1591 1367 1650 defi-

435 1687 526 1754 ciant,
549 1702 643 1758 quam
664 1702 789 1744 currere
809 1687 969 1760 incipiant,
997 1702 1093 1760 quare
1114 1687 1237 1745 tantum
1259 1688 1367 1745 ieiuni-

435 1797 522 1839 orum
537 1781 662 1839 modum
676 1781 907 1855 imponendum,
923 1784 1073 1855 quantum
1087 1779 1170 1839 ferre
1184 1781 1367 1856 poterimus.

512 1874 712 1934 Conradus.
764 1875 870 1934 Habeo
900 1877 1033 1951 gratiam
1069 1876 1139 1935 divo
1169 1876 1367 1951 Hieronymo,

398 1972 487 2044 isqui
512 1972 712 2045 pauperculis
744 1972 833 2029 nobis
866 1974 897 2029 et
927 1973 1127 2046 impatienter
1156 1972 1367 2031 esurientibus

436 2068 657 2140 patrocinatur.

682 2434 910 2501 DIALOGVS
941 2435 1066 2501 XXIV.

650 2575 786 2634 Penius
808 2579 843 2634 et
866 2574 1099 2634 Franciscus.

531 2704 576 2759 De
596 2703 678 2759 feriis
696 2704 841 2759 nataliciis
861 2703 969 2759 Christi
988 2704 1218 2761 confabulantur.

398 2840 458 2894 [0¹³1
514 2834 661 2895 Penius,
705 2834 744 2893 ut
774 2836 896 2910 gaudeo
928 2839 959 2895 et
991 2836 1085 2903 doleo,
1121 2838 1163 2895 mi
1190 2835 1365 2909 Francisce

435 2930 519 2990 festa
532 2931 610 2991 haec
629 2932 775 2993 natalicia
788 2936 946 3006 appetere.
989 2931 1115 2990 Gaudeo
1130 2932 1262 3006 quidem,
1285 2933 1367 3007 quod

437 3027 495 3085 bae
516 3025 612 3085 feriae
634 3028 737 3084 omnia
757 3025 839 3085 laeta
859 3029 891 3085 et
912 3027 1027 3085 festiva
1048 3043 1154 3085 secum
1185 3030 1366 3101 apportant;

436 3122 524 3179 doleo
546 3125 659 3189 autem,
682 3121 763 3195 quod
784 3121 980 3179 scholasticis
1001 3123 1090 3181 nobis
1116 3124 1147 3179 in
1169 3122 1367 3182 addiscendis

438 3217 545 3274 borum
560 3216 712 3275 festorum
726 3217 922 3275 cantionibus
933 3217 1062 3292 grandis
1076 3219 1126 3275 est
1137 3216 1366 3276 exhauriendus

397 3326 422 3368 25
438 3312 531 3369 labor.
572 3309 739 3371 Praeterea
759 3314 832 3370 totis
855 3312 965 3371 diebus
990 3314 1022 3370 in
1043 3312 1167 3386 templis
1188 3310 1366 3385 algendum.

436 3406 594 3464 Postremo
615 3408 646 3464 et
667 3407 742 3465 illud
762 3423 880 3474 vereor,
904 3424 952 3476 ne,
976 3409 1002 3465 si
1024 3408 1178 3465 matutina
1192 3423 1283 3465 sacra
1303 3407 1366 3466 alto

436 3503 527 3560 nimis
558 3517 669 3576 sopore
700 3502 845 3561 detentus
871 3502 1045 3577 neglexero,
1082 3504 1113 3560 et
1142 3501 1253 3576 plagas
1289 3502 1363 3561 milri

437 3595 635 3655 lucrifaciam.

512 3690 746 3750 Franciscus
806 3690 888 3749 Vera
922 3693 996 3748 sunt
1031 3690 1118 3759 haec,
1159 3707 1238 3764 quae
1273 3691 1366 3763 dicis;

396 3800 422 3841 oo
436 3790 575 3844 attamen
602 3786 723 3859 quando
744 3785 827 3844 hanc
848 3785 1060 3843 condicionem
1093 3786 1280 3861 accepimus
1313 3788 1365 3846 ad·

435 3882 628 3955 vigilandum
649 3880 738 3938 nobis
760 3882 820 3938 erit
846 3888 878 3939 et
899 3881 1003 3939 omnia
1026 3878 1146 3939 fortiter
1166 3881 1365 3956 perferenda
