3409 4567
354 460 392 518 46
666 452 869 503 MOSELLANVS,
884 451 1083 497 PAEDOLOGIA.

407 641 533 699 vivendi
555 640 706 699 rationem
728 639 777 697 vel
799 638 921 697 dicendi
940 637 1123 696 facultatem
1143 635 1247 704 faciat,
1271 652 1345 694 con-

408 751 583 810 sequamur.
624 734 694 809 Ipse
726 736 810 792 certe
838 750 907 792 eam
933 733 1108 800 lectionem,
1137 747 1175 790 ex
1206 747 1269 805 qua
1289 747 1345 790 au·

408 832 541 890 ditorum
563 830 727 889 imitationi
748 829 825 887 nihil
846 829 976 896 accedit,
1004 828 1123 887 nullam
1141 828 1227 902 puta.
1262 824 1345 884 Tau-

408 929 474 985 tum
496 926 595 994 abest,
628 926 663 983 ut
684 925 761 982 istos
783 924 920 998 probem,
953 923 1005 997 qui
1036 922 1224 996 scriptorum
1244 936 1346 978 seusu

380 1021 593 1096 eexposuisse
614 1022 782 1093 utrumque
803 1018 942 1077 contenti
963 1018 1081 1077 nullam
1095 1016 1238 1075 imitandi
1257 1016 1346 1074 viam

410 1116 570 1191 discipulis
593 1117 848 1174 commonstrant.
889 1114 935 1172 Tu
956 1130 1030 1172 vero
1050 1113 1174 1187 quando
1193 1127 1345 1187 praecep·

409 1214 508 1270 torem
539 1213 652 1269 nactus
683 1226 718 1268 es
749 1210 875 1268 doctum
907 1211 938 1267 et
962 1208 1070 1276 lidum,
1102 1207 1153 1266 iac
1182 1207 1249 1265 eius
1275 1208 1345 1265 tum

410 1307 580 1374 doctrinae,
604 1308 670 1364 tum
691 1305 765 1362 fidei
787 1304 949 1379 diligentia
969 1306 1024 1362 tua
1044 1303 1245 1378 respondeas.

491 1410 659 1468 loannes
701 1407 788 1467 Dabo
810 1424 937 1483 operam
967 1407 1084 1474 sedulo,
1116 1422 1165 1474 ne,
1197 1405 1279 1480 quod
1305 1406 1345 1465 ad

372 1519 397 1561 10
410 1505 493 1564 hanc
513 1522 580 1563 rem
601 1504 722 1570 attinet,
744 1504 810 1560 iure
831 1519 881 1560 me
902 1501 1034 1577 posthac
1056 1501 1220 1576 obiurgare
1235 1516 1343 1574 queas.

410 1600 472 1659 Sed
486 1601 548 1659 iam
562 1598 624 1658 Xll.
647 1599 743 1657 horae
758 1598 884 1673 signum
899 1597 1031 1665 auditur,
1054 1614 1150 1672 quare
1165 1598 1238 1656 hino
1253 1596 1343 1655 ocius

410 1697 441 1754 in
462 1696 570 1753 ludum
592 1694 788 1753 contendam.

488 2161 715 2227 DIALOGVS
739 2160 908 2226 XXXVII
930 2160 987 2224 ΕΤ
1010 2157 1215 2225 VLTIMVS.

411 2336 672 2411 PandulphuS,
690 2335 909 2410 Ludimagistri
925 2336 1074 2403 minister,
1091 2334 1343 2408 Hieronymus

373 2464 398 2505 15
586 2449 803 2514 scholasticus,
830 2447 1115 2521 Ludimagister.

410 2611 589 2674 Consultant,
608 2612 638 2664 in
657 2612 943 2681 quampotissimum
962 2609 1136 2665 academiam
1155 2610 1286 2665 studioso
1305 2610 1345 2663 sit

733 2715 986 2783 commigrandum.

488 2872 740 2947 Pandulphus.
782 2870 860 2943 Quid
888 2875 922 2930 tu
947 2872 1006 2930 hoo
1027 2875 1100 2931 ante
1122 2874 1246 2940 ostium,
1272 2872 1341 2931 Hie-

410 2984 549 3042 ronyme,
572 2969 626 3027 aut
647 2968 720 3041 quid
742 2968 793 3025 hic
815 2968 870 3025 tibi
892 2968 1009 3042 negotii
1031 2969 1098 3026 est‘l

371 3085 399 3126 20
489 3071 751 3147 Hieronymus
792 3071 1057 3146 ludimagistrum
1079 3073 1246 3131 convenire
1261 3075 1342 3132 vole·

411 3167 491 3224 bam.
514 3165 575 3224 Sed
589 3168 716 3242 pulsare
737 3168 909 3226 cunctabar
923 3168 1051 3236 veritus
1069 3186 1108 3227 ne
1123 3169 1343 3244 intempestive

410 3260 547 3320 fortasse
569 3264 723 3334 venirem3
754 3279 850 3336 quare
883 3265 913 3321 te
945 3281 1000 3338 pro
1022 3265 1121 3322 veteri
1143 3268 1251 3323 nostra
1271 3282 1341 3324 con·

412 3358 577 3416 suetudine
597 3375 683 3433 rogo,
704 3362 740 3417 ut
761 3359 811 3417 hic
832 3375 881 3417 me
903 3359 1028 3418 adstare
1050 3359 1221 3434 significes.

380 3476 440 3529 [aaa]
489 3461 740 3537 pandulphus.
783 3462 923 3534 Faciam3
938 3466 971 3522 tu
986 3463 1037 3522 hic
1058 3463 1167 3522 tantis·
1187 3461 1190 3538 l
1209 3481 1265 3538 per
1278 3483 1341 3525 mo·

371 3569 491 3625 rorare,
524 3558 597 3615 dum
619 3557 693 3631 quid
718 3574 823 3615 rerum
845 3558 894 3625 sit,
918 3559 978 3617 huc
999 3557 1152 3616 renuntio.
1184 3592 1222 3600 -
1252 3560 1341 3627 Here,

411 3652 494 3726 quod
513 3653 704 3716 iniunxeras,
727 3654 895 3729 diligenter
915 3657 964 3713 est
985 3654 1135 3712 curatum.

489 3755 775 3832 ludimagister.
817 3757 902 3816 Bene
927 3757 1053 3815 factum.
1095 3756 1135 3813 At
1158 3758 1210 3831 qui
1232 3759 1258 3816 is
1284 3763 1341 3824 est,

412 3851 537 3924 quicum
558 3869 613 3927 pro
634 3853 754 3911 foribus
776 3852 970 3911 fabulantem
991 3853 1022 3909 te
1043 3851 1147 3910 audivi
1155 3850 1168 3911 'l
