3409 4567
748 431 952 478 MOSELLANVS.

484 619 516 678 P.
538 617 728 678 Mosellanus
749 618 912 693 discipulis
934 620 1000 677 suis
1024 618 1171 678 salutem.

486 714 640 789 Principio
662 714 757 772 etiam
778 715 872 788 atque
894 714 989 774 etiam
1016 715 1189 773 curandum
1217 718 1276 786 est,
1304 733 1349 777 ne

408 811 483 885 quid
502 813 627 885 tempus
649 809 738 868 nobis
765 826 822 868 seu
847 827 910 868 non
932 810 1169 868 advertentibus
1190 809 1347 882 elabatur,

408 906 555 964 videlicet
575 906 658 979 quod
683 922 741 963 nec
767 906 880 964 studiis
902 922 960 964 nec
992 905 1076 964 vitae
1103 906 1263 965 honestati
1286 924 1348 967 nec

381 1002 580 1060 avaletudini
610 1002 766 1059 curandae
797 1001 1004 1075 impendatur.
1068 999 1277 1072 Quamobrem
1310 1005 1348 1062 ut

409 1100 495 1155 certa
524 1097 579 1155 tibi
613 1096 751 1155 omnium
781 1097 860 1154 ratio
893 1096 1024 1164 constet,
1056 1096 1138 1155 diem
1168 1096 1200 1154 in
1229 1097 1348 1172 viginti

409 1194 556 1264 quattuor
585 1192 679 1250 horas
711 1192 894 1250 distractam
927 1191 1039 1266 cogita.
1085 1190 1221 1262 Quarum
1241 1192 1348 1267 prima

408 1303 482 1361 pars
513 1287 633 1354 studiis,
669 1288 768 1345 altera
802 1287 943 1345 civilitati
969 1303 1005 1344 ac
1038 1286 1219 1356 valetudini,
1249 1288 1347 1349 tertia

376 1396 440 1449 [11111
463 1399 570 1440 somno
586 1382 689 1441 danda
703 1383 770 1440 erit.
797 1381 861 1440 Hoc
877 1399 957 1440 com·
977 1380 981 1456 1
999 1382 1090 1439 mode
1104 1381 1169 1450 iiet,
1185 1382 1212 1440 si
1227 1398 1246 1441 a
1259 1398 1347 1444 nona

372 1492 397 1534 io
410 1478 592 1553 vespertina
625 1477 665 1536 ad
699 1480 841 1552 quartam
876 1494 976 1552 usque
1010 1477 1198 1536 matutinam
1232 1494 1344 1538 somno

409 1573 569 1630 recreatus
590 1572 674 1630 lente
696 1588 858 1647 exsurgas,
881 1574 954 1630 ante
969 1572 1116 1630 nimirum
1130 1573 1194 1630 toto
1210 1588 1345 1648 corpore

407 1668 530 1742 palmia,
563 1668 664 1743 capite
685 1684 758 1725 vero
790 1671 822 1726 et
851 1667 1011 1741 unguibus
1043 1665 1156 1725 leniter
1183 1666 1342 1742 perfrict.

408 1763 488 1821 Nam
504 1764 562 1821 hac
577 1764 697 1822 ratione
709 1763 809 1821 noxiis
824 1762 994 1837 vaporibus
1010 1762 1112 1820 exitus
1130 1779 1188 1836 per
1202 1762 1343 1823 occultos

409 1859 619 1916 membrorum
648 1859 770 1915 meatus
801 1860 939 1930 paratur.
981 1855 1059 1915 Hinc
1096 1874 1218 1926 manus,
1251 1858 1343 1928 oculi,

371 1967 396 2011 15
409 1954 518 2029 lingua
532 1954 626 2012 etiam
641 1970 660 2012 a
674 1953 818 2011 sordibus
833 1952 1009 2011 abluantur.
1049 1951 1196 2011 Pectatur
1210 1952 1344 2028 capillus

408 2049 500 2124 idque
535 2049 711 2108 accuratius
746 2049 871 2124 pectine
902 2046 1090 2121 aliquotiens
1125 2064 1144 2106 a
1176 2048 1278 2107 ironte
1309 2050 1343 2109 in

409 2145 588 2220 occipitium
609 2145 711 2203 ducto.
744 2143 817 2202 Post
838 2144 866 2201 si
893 2144 961 2201 eius
993 2143 1187 2201 consuetudo
1217 2159 1342 2219 quoquo

408 2242 499 2299 modo
520 2240 626 2298 induci
646 2241 758 2316 potest,
790 2239 953 2298 deicienda
977 2239 1098 2297 ventris
1130 2241 1162 2297 et
1188 2239 1264 2297 item
1284 2256 1343 2314 per

410 2338 538 2411 sputum
564 2338 595 2394 et
616 2352 710 2393 nares
736 2335 848 2410 capitis
870 2335 1078 2393 excrementa.
1120 2333 1199 2393 Nam
1220 2335 1252 2393 et
1271 2351 1341 2411 per·

370 2444 397 2487 11
410 2433 540 2506 potuum
561 2431 735 2488 studiorum
756 2432 897 2488 tenorem
913 2429 1164 2487 conservandum
1178 2430 1255 2488 nihil
1277 2430 1342 2489 tam

410 2527 555 2585 conducit
576 2543 669 2600 quam
691 2542 804 2600 corpus
826 2525 865 2583 ab
886 2524 1049 2582 inutilibus
1065 2525 1221 2601 oneribus,
1244 2541 1341 2598 quan·

409 2624 475 2680 tum
495 2622 577 2689 licet,
599 2638 724 2697 semper
744 2620 883 2678 levatum
907 2620 1032 2678 habere.
1067 2619 1137 2676 Mox
1160 2620 1343 2694 precatione

409 2718 461 2792 pia
482 2720 513 2776 te
528 2719 645 2791 tuaque
660 2718 766 2776 studia
780 2717 886 2775 omnia
900 2715 1024 2774 Christo
1046 2715 1228 2772 commenda
1247 2717 1343 2789 atque

409 2815 445 2871 ut
477 2813 529 2871 ille
563 2815 694 2871 conatus
726 2816 796 2871 tuos
832 2812 946 2886 dirigat
975 2827 1041 2868 ora.
1107 2809 1162 2867 His
1196 2810 1342 2870 omnibus

369 2921 397 2963 25
410 2909 547 2983 spatium
578 2910 660 2967 inter
681 2910 823 2983 quartam
855 2908 886 2965 et
907 2906 1048 2981 quintam
1073 2904 1222 2962 iniectum
1247 2905 1344 2965 faciet

410 3004 497 3063 satis.
539 3003 642 3062 Habes
658 3004 696 3062 de
711 3003 804 3062 tertia
819 3002 880 3061 diei
894 3003 983 3077 parte
999 3016 1108 3058 somno
1122 2999 1341 3075 impendenda.
1396 2987 1397 2991 ¹

487 3097 577 3156 Nunc
593 3099 630 3155 de
645 3098 792 3156 secunda.
819 3096 899 3154 Nam
914 3113 933 3155 a
947 3096 1056 3169 quinta
1071 3094 1110 3153 ad
1124 3110 1239 3152 nonam
1254 3098 1342 3168 quat-

410 3195 481 3252 tuor
501 3196 576 3252 sunt
601 3193 705 3251 horae.
758 3191 844 3264 Quod
871 3192 995 3265 tempus
1027 3191 1127 3249 totum
1153 3190 1265 3247 studiis
1290 3190 1341 3248 de-

379 3303 440 3357 mea]
462 3290 560 3348 betur.
602 3287 665 3347 Sed
686 3288 759 3361 quid
785 3303 908 3361 quaque
930 3286 1007 3344 hora
1027 3285 1083 3342 tibi
1103 3285 1154 3343 vel
1172 3282 1175 3360 1
1195 3285 1277 3343 domi
1298 3285 1341 3343 di·

369 3386 562 3443 aoscendum
596 3384 646 3442 vel
676 3383 752 3441 ioris
787 3383 1029 3455 apraeceptore
1064 3380 1256 3439 audiendum
1291 3380 1341 3449 sit,

410 3480 594 3554 singillatim
623 3478 794 3554 praescribi
825 3493 889 3534 non
920 3478 1033 3550 potest,
1065 3477 1233 3551 propterea
1261 3477 1342 3549 quod

410 3576 563 3634 eiusmodi
605 3574 804 3633 occasionum
845 3589 962 3643 magna
1002 3573 1051 3630 est
1081 3570 1275 3637 vicissitudo,
1307 3572 1343 3628 ut

410 3651 472 3745 qua
486 3671 564 3729 hora
576 3671 666 3728 modo
682 3668 790 3727 audire
805 3669 961 3735 convenit,
984 3668 1060 3725 alias
1076 3665 1177 3740 magis
1192 3669 1343 3741 appareat

411 3762 588 3821 consultum
619 3762 701 3822 domi
727 3762 856 3820 discere.
898 3760 1030 3819 Proinde
1055 3762 1137 3819 hanc
1157 3762 1342 3837 dispensan-

371 3872 398 3917 as
412 3859 522 3917 darum
542 3858 690 3917 horarum
710 3857 864 3916 rationem
886 3856 945 3915 sibi
966 3857 1099 3931 quisque
1119 3874 1175 3933 pro
1197 3858 1245 3916 sui
1261 3872 1341 3915 com·
1382 3872 1384 3876 ·
