3409 4567
570 471 1112 521 ueranroaesrvonsrnraurranno.
1295 476 1331 535 53

400 657 550 715 moditate
570 658 657 716 ineat
676 659 712 716 ut
733 659 764 715 et
785 673 902 725 aarum,
928 673 1009 731 quae
1030 674 1049 716 a
1072 657 1203 732 prandio
1216 658 1331 717 studiis

402 753 568 822 dabuntur,
601 770 620 812 a
650 752 834 811 duodecima
858 752 1006 811 videlicet
1035 752 1104 811 eius
1135 753 1229 827 spatii
1250 754 1333 828 quod

402 848 541 923 suppet‘t
555 849 595 906 ad
609 850 753 922 quartam
765 864 876 921 usque.
907 846 1058 920 Equidem
1073 865 1145 907 cum
1164 849 1197 907 id
1218 850 1331 907 aetatis

403 959 514 1008 essem.
547 945 579 1002 et
603 943 663 1002 hoc
689 943 868 1001 servabam:
895 943 1175 1003 antemeridianum
1206 945 1331 1019 tempus

373 1038 452 1096 evol
471 1038 668 1113 gravioribus
689 1038 740 1097 vel
760 1036 888 1097 Graecis
909 1038 1030 1107 litteris,
1052 1039 1332 1113 postmeridianum

400 1134 570 1193 levioribus
592 1137 624 1193 et
642 1133 762 1194 Latinis
785 1134 906 1193 dabam.
947 1134 1049 1208 Atque
1080 1133 1130 1193 hic
1156 1136 1247 1193 tenor
1275 1151 1331 1208 pro

401 1230 550 1305 temporis
571 1230 693 1288 ratione
708 1230 998 1289 erit'immutandus
1013 1229 1164 1298 nonnihil,
1186 1230 1332 1288 nimirum

401 1325 573 1398 siquando
603 1325 718 1384 indicto
740 1326 855 1383 ieiunio
880 1325 1046 1399 prandium
1076 1325 1109 1383 in
1133 1325 1332 1383 undecimam

401 1422 597 1496 prorogatur.
647 1420 740 1478 Porro
772 1420 855 1494 quod
886 1420 926 1478 ad
952 1422 1189 1496 praeceptorem
1210 1420 1331 1489 attinet,

362 1516 479 1574 rosetis
501 1516 558 1583 θεῖ,
590 1515 618 1573 si
645 1516 770 1574 doctum
801 1517 833 1574 et
852 1514 952 1574 fidum
974 1515 1064 1573 binas
1095 1517 1150 1575 aut
1181 1516 1217 1574 ut
1237 1516 1330 1591 pluri·

400 1627 485 1669 mum
516 1611 623 1670 ternas
654 1611 764 1669 audias
795 1611 899 1669 horas.
939 1609 1048 1686 Neque
1079 1611 1161 1669 enim
1192 1627 1331 1685 unquam

400 1706 439 1764 ad
483 1706 613 1765 solidam
657 1706 829 1765 eruditonis
868 1705 992 1780 frugem
1027 1707 1234 1780 perveniunt,
1279 1708 1331 1781 qui

400 1802 466 1860 suis
496 1802 637 1877 ipsorum
667 1802 804 1875 ingeniis
835 1802 867 1859 et
892 1801 1019 1877 propria
1049 1801 1205 1861 industria
1235 1802 1332 1861 diffisi

401 1897 483 1955 totos
505 1897 571 1956 dies
593 1914 631 1955 ex
652 1899 892 1972 praeceptorum
913 1897 1055 1955 doctrina
1075 1898 1222 1972 pendent.
1264 1897 1300 1956 St
1320 1931 1331 1941 ·

367 2005 431 2060 mao]
453 1992 778 2066 rilescitsaueingenii
789 1991 919 2050 humani
934 1993 1043 2061 solum,
1064 1994 1067 2067 Ι
1086 1993 1147 2051 nisi
1163 1992 1332 2068 sua-ipsius

401 2088 623 2146 exercitatione
667 2087 778 2146 cotidie
817 2086 986 2146 excolatur.
1049 2087 1197 2146 Attamen
1236 2087 1332 2145 nolim

399 2183 479 2242 haec
499 2184 545 2241 sic
567 2182 714 2256 accipias,
747 2183 838 2256 quasi
860 2182 1031 2258 displiceat,
1065 2182 1092 2240 si
1114 2183 1183 2256 quis
1205 2198 1261 2258 per
1282 2199 1330 2241 oc-

401 2276 559 2335 casionem
591 2278 686 2336 etiam
716 2276 788 2352 plus
819 2278 970 2352 temporis
1001 2278 1198 2352 praeceptori
1231 2280 1330 2336 vacet.

400 2371 527 2431 Occasio
549 2374 632 2431 enim
652 2389 786 2447 magnae
808 2373 1045 2441 commoditatis,
1072 2389 1142 2431 cum
1169 2388 1203 2430 se
1229 2372 1330 2442 offert,

358 2482 386 2524 ao
399 2484 525 2543 semper
542 2470 592 2526 est
605 2468 779 2536 retinenda,
801 2468 975 2526 amittenda
993 2483 1162 2542 nunquam.
1203 2465 1331 2538 Quando

400 2563 505 2637 legere
526 2563 617 2621 nobis
639 2561 712 2621 licet
725 2579 859 2637 semper,
882 2562 990 2621 audire
1005 2578 1067 2620 non
1082 2578 1214 2637 semper.
1255 2561 1333 2620 lllud

400 2657 552 2732 imprimis
574 2658 754 2726 curandum,
777 2675 836 2731 quo
863 2658 976 2716 cotidie
1001 2658 1036 2715 ut
1056 2657 1218 2715 minimum
1237 2656 1332 2715 horae

401 2752 539 2826 spatium
569 2754 741 2812 exercendo
773 2752 845 2810 stilo
876 2753 1041 2811 tribuatur.
1083 2751 1158 2810 Eius
1179 2752 1332 2810 rationem

401 2847 514 2919 cuique
535 2863 611 2905 suae
625 2848 709 2906 vires
725 2864 865 2921 suusque
879 2846 1039 2922 profectus
1053 2846 1145 2906 facile
1160 2847 1331 2906 dictabunt.

361 2955 388 2997 25
401 2941 569 3000 Meditetur
588 2941 669 3001 alius
690 2942 867 3016 epistulam,
899 2942 979 3001 alius
1011 2958 1049 2999 ex
1070 2940 1196 3000 Graecis
1223 2940 1333 3001 Latina

400 3036 506 3107 faciat,
538 3036 618 3096 alius
650 3038 689 3097 ad
709 3038 939 3114 praescriptum
959 3037 1150 3095 rhetoricum
1171 3036 1332 3103 declamet,

401 3132 506 3190 licebit
536 3135 568 3190 et
598 3134 677 3192 varii
707 3134 833 3208 generis
865 3133 1003 3190 carmine
1035 3132 1124 3190 ludas
1156 3132 1210 3190 aut
1240 3133 1332 3189 ratio-

401 3227 590 3286 cinationem
611 3225 746 3302 aliquam
768 3229 808 3286 ad
829 3227 1062 3285 dialecticorum
1076 3226 1202 3302 regulas
1225 3227 1332 3301 exigas

401 3324 456 3381 aut
477 3323 559 3396 quod
580 3339 675 3380 versu
695 3323 827 3397 ligatum
849 3323 898 3379 est
919 3321 1023 3379 soluta
1046 3322 1186 3380 oratione
1210 3321 1331 3379 reddas.

360 3430 388 3473 co
400 3416 480 3476 Nam
501 3418 654 3476 latissime
676 3418 762 3492 patet
783 3416 846 3473 stili
867 3433 953 3475 usus.

478 3512 589 3572 Restat
609 3513 702 3571 tertia
721 3528 795 3586 pars
822 3511 930 3569 itidem
956 3513 1024 3569 octo
1046 3511 1139 3569 horas
1163 3511 1332 3585 complexa.

400 3606 461 3665 Eas
482 3608 629 3683 impende
650 3608 688 3666 de
710 3606 822 3665 studiis
845 3607 1024 3674 amicorum,
1051 3606 1205 3665 sodalium
1231 3609 1262 3664 et
1283 3623 1332 3663 aa·

402 3702 548 3775 qualium,
575 3706 611 3761 ut
630 3703 743 3779 partim
766 3702 950 3761 absentibus
979 3702 1108 3769 scribas
1136 3702 1163 3759 si
1185 3701 1258 3774 quid
1280 3717 1333 3759 eos

401 3798 482 3855 seire
512 3798 601 3868 velis,
632 3799 746 3874 partim
778 3798 963 3866 inambulas
996 3797 1109 3872 partim
1143 3796 1272 3854 eruditis
1303 3798 1334 3853 et

361 3907 387 3949 35
400 3892 543 3952 honestis
561 3893 676 3969 fabulis
699 3896 731 3952 ῖθ
752 3893 899 3961 oblectes,
924 3893 1038 3966 partim
1060 3909 1130 3951 cum
1151 3891 1333 3965 aequalibus
