3409 4567
704 501 995 545 umnecvsxrx-xxr.
1306 505 1342 563 27

488 686 626 747 Cletus.
680 686 705 744 Ε
737 687 860 745 diverso
891 703 985 761 quam
1015 704 1073 746 nos
1104 687 1256 756 infelices
1289 690 1341 765 qui

410 782 515 841 miseri
546 782 641 840 nullis
663 781 805 856 pellibus
836 782 931 839 immo
962 782 1056 841 nullis
1077 800 1178 857 paene
1198 784 1341 844 vestibus

370 882 433 936 {cre}
461 878 628 936 adversum
654 876 781 950 frigoris
811 876 980 952 iniuriam}
999 879 1110 936 armati
1136 894 1192 953 per
1221 879 1341 938 medies

408 972 533 1042 imbres
554 973 644 1031 nives
666 976 698 1029 et
717 971 852 1046 glaciem
878 972 1016 1031 ostiatim
1050 990 1201 1048 quaerere
1225 975 1343 1033 victum

384 1066 564 1143 scogimur!
606 1066 668 1125 Sed
689 1067 809 1125 solatur
828 1084 879 1125 me
899 1067 975 1126 illud
996 1067 1111 1127 Flacci:

487 1182 545 1254 Qui
565 1182 651 1257 cupit
671 1183 810 1256 optatam
831 1200 926 1242 cursu
947 1184 1128 1259 contingere
1148 1187 1272 1256 metam,

485 1278 583 1338 Multa
603 1278 674 1337 tulit
693 1278 829 1352 fecitque
850 1294 937 1352 puer,
958 1275 1084 1337 sudavit
1105 1282 1136 1338 et
1157 1280 1237 1349 alsit,

485 1372 645 1432 Abstinuit
664 1372 786 1432 Venere
807 1375 838 1431 et
852 1373 983 1444 Bacche,
996 1374 1049 1449 qui
1064 1373 1176 1450 Pythia
1197 1380 1303 1436 cantat
1315 1426 1340 1436 ..

409 1469 540 1543 Alioqui,
563 1468 589 1526 si
611 1468 722 1526 similis
744 1470 829 1526 esset
844 1468 946 1527 exitus
960 1469 1083 1528 illerum
1098 1471 1130 1529 et
1144 1474 1263 1542 nester,
1279 1490 1341 1532 nen

371 1579 396 1622 10
409 1567 503 1632 esset,
536 1580 591 1622 cur
621 1579 684 1620 nen
714 1563 862 1621 iniurium
883 1562 985 1626 Deum
1017 1565 1161 1635 dicerem,
1194 1567 1245 1641 qui
1277 1569 1341 1627 tam

409 1659 515 1733 inique
536 1675 587 1717 res
608 1657 766 1716 humanas
788 1658 1030 1717 administraret.

487 1753 723 1829 Hippolytus
755 1752 834 1824 Quin
857 1751 958 1811 taces!
990 1753 1036 1813 Ne
1059 1755 1133 1829 quid
1153 1755 1287 1816 ferocius
1309 1759 1340 1815 in

409 1848 509 1907 Deum
530 1846 671 1907 effutias!

771 2068 926 2075 —--

676 2287 904 2354 DIALOGVS
927 2288 1021 2354 XXI.

371 2441 396 2483 15
645 2427 820 2487 Lucanus
842 2430 879 2488 et
900 2427 1055 2489 Statius.

460 2556 505 2609 De
523 2555 603 2610 feriis
622 2556 682 2610 divi
700 2557 814 2611 Nicolai
833 2557 929 2627 deque
948 2557 1073 2613 creando
1093 2559 1239 2627 episcopo.

486 2685 640 2745 Statius.
676 2686 754 2759 Quid
769 2690 803 2746 tu
817 2689 906 2746 nobis
922 2687 1027 2747 adfers
1042 2689 1123 2757 nevi,
1138 2690 1181 2747 mi
1195 2687 1334 2746 Lucane?

485 2782 665 2841 Lucanus
708 2782 800 2850 Nihil,
832 2784 890 2842 sed
920 2783 952 2841 in
980 2783 1092 2862 hocte
1114 2783 1273 2850 convenia,
1306 2787 1341 2841 ut

407 2878 446 2937 de
468 2879 683 2936 communibus
705 2878 818 2936 studiis
843 2878 1028 2937 fabulemur.

367 2986 394 3029 20
427 2956 429 2962 ⁵
485 2971 641 3030 Statius
684 2971 797 3031 Gratus
819 2989 894 3048 erge
914 2973 990 3030 mihi
1012 2974 1085 3031 tuus
1107 2974 1157 3031 est
1170 2972 1339 3043 adventus;

407 3067 515 3126 adside
536 3066 598 3125 huc
618 3067 716 3125 nobis.

483 3161 666 3220 Lucanus
698 3161 742 3219 l'ln
755 3161 891 3220 adsideo.
917 3161 994 3231 Scis,
1010 3162 1083 3236 quid
1093 3162 1126 3220 in
1140 3163 1203 3221 divi
1218 3161 1338 3221 Nicclai

406 3257 493 3316 feriis
515 3257 599 3332 apud
619 3258 777 3315 ne'strates
798 3256 869 3315 fieri
890 3258 1007 3315 soleat?

485 3351 641 3411 Statius.
693 3350 751 3422 Qui
782 3352 850 3427 ipse
884 3368 1011 3427 possem
1046 3353 1136 3420 scire,
1173 3368 1245 3410 cum
1278 3352 1340 3409 illic

367 3462 394 3503 25
407 3447 520 3505 fuerim
541 3442 721 3521 nunquam?

483 3541 666 3601 Lucanus.
708 3540 818 3599 Dicam
838 3558 913 3617 ergo
934 3541 1056 3616 paucis:
1079 3541 1131 3615 qui
1151 3542 1259 3599 ludum
1278 3540 1340 3599 illic

405 3638 590 3697 litterarium
610 3638 822 3712 frequentant,
849 3654 887 3696 ex
908 3637 1118 3712 ludimagistri
1145 3637 1340 3710 praescripto

407 3734 584 3808 quempiam
615 3750 632 3792 e
658 3750 714 3791 sue
739 3749 836 3808 grege
863 3733 1045 3807 episcopum
1071 3734 1179 3790 creant
1206 3748 1340 3806 eumque

406 3845 522 3903 magna
542 3845 657 3903 pompa
678 3829 803 3887 domum
824 3828 983 3887 deducunt
1004 3829 1035 3886 et
1056 3828 1138 3885 stato
1154 3827 1294 3901 tempere
1308 3828 1340 3884 in

367 3937 394 3980 cc
408 3924 559 3999 templum
580 3924 743 3982 reducunt.
