3409 4567
367 465 384 522 2
652 459 855 509 MOSELLANVS,
870 458 1068 502 rnfiuouoom.

417 645 478 705 fert
499 641 651 720 gratiam?
684 643 808 717 Alioqui
828 661 890 718 qua
911 661 1007 703 causa
1024 644 1106 702 male
1120 644 1252 702 audiunt
1265 644 1348 718 apud
1431 646 1434 653 '

418 740 641 813 Quintilianum
671 740 703 797 et
728 739 802 797 item
829 739 961 798 Gellium
982 740 1152 823 ὀψιμαθεῖς,
1185 740 1245 797 nisi
1266 739 1349 813 quod

417 836 523 909 quiaa
544 835 669 903 teneris,
691 837 726 893 ut
740 835 835 902 aiunt,
858 834 1036 909 unguiculis
1056 833 1181 909 optimis
1196 851 1257 892 non
1273 836 1349 893 sunt

417 927 557 989 adsueti?
584 929 682 988 Obvia
695 946 838 1008 quaeque
851 930 884 986 in
899 929 1079 987 auctoribus
1102 929 1179 988 citra
1193 929 1348 988 delectum

390 1027 449 1084 5in
470 1042 563 1084 suum
582 1042 676 1084 usum
702 1026 901 1091 converrunt,
933 1026 968 1082 ut
994 1024 1087 1082 dictio
1112 1041 1221 1082 eorum
1246 1025 1347 1083 omnis

417 1139 479 1180 non
501 1120 626 1197 propria
647 1122 678 1178 et
699 1120 780 1177 dorni
801 1136 878 1177 suae
900 1122 982 1186 nata,
1014 1120 1070 1178 sed
1096 1136 1113 1178 e
1133 1120 1229 1178 variis
1251 1120 1347 1194 scrip·

416 1217 534 1276 toribus
556 1214 693 1274 ostiatim
715 1215 805 1290 quasi
825 1215 1031 1273 mendicando
1053 1216 1205 1289 congesta
1223 1214 1348 1274 delicati

415 1312 520 1371 iudicii
541 1310 719 1369 hominibus
741 1327 803 1367 non
824 1312 925 1384 possit
947 1327 1008 1368 non
1023 1312 1141 1385 putere.
1177 1308 1260 1368 Haec
1276 1326 1347 1368 cum

417 1410 451 1466 tu
485 1424 548 1465 non
581 1406 684 1464 minus
719 1407 810 1463 acute
841 1422 935 1479 quam
967 1405 1105 1479 graviter
1134 1406 1346 1480 perpenderes

380 1517 405 1559 ro
420 1501 559 1576 nihilque
583 1501 717 1559 haberes
743 1500 847 1575 potius
874 1516 966 1574 quam
992 1516 1169 1574 puerorum,
1201 1501 1253 1573 qui
1274 1502 1348 1559 tuae

416 1596 491 1655 fidei
511 1596 586 1654 sunt
607 1596 786 1660 concrediti,
812 1595 921 1653 rudem
943 1597 975 1653 et
995 1595 1034 1653 ad
1055 1595 1159 1653 omnia
1178 1611 1347 1669 sequacem

416 1692 554 1750 animum
573 1690 613 1748 ad
627 1690 744 1764 optima
758 1706 900 1764 quaeque
914 1691 1094 1763 perducere,
1115 1706 1238 1748 mecum
1253 1691 1347 1766 egisti

416 1802 520 1860 saepe,
542 1787 578 1842 ut
597 1785 743 1859 loquendi
764 1784 915 1843 formulas
930 1785 1055 1859 aliquot,
1078 1785 1190 1860 quibus
1206 1801 1244 1844 ea
1258 1788 1346 1844 aetas

416 1882 461 1939 uti
482 1882 599 1955 posset,
623 1879 862 1938 conscriberem.
902 1878 972 1947 Diu,
999 1882 1035 1938 ut
1055 1880 1147 1947 nosti,
1170 1897 1241 1938 sum
1265 1880 1345 1940 relu-

378 1989 402 2032 15
417 1978 528 2044 ctatuS,
551 1976 666 2051 partim
681 1975 762 2050 quod
776 1975 845 2049 ipse
859 1975 1056 2050 gravioribus
1077 1978 1249 2050 occupatus
1264 1977 1346 2035 hanc

376 2085 436 2139 {naq
469 2088 595 2146 operam
623 2070 824 2130 utilissimam
849 2070 975 2145 quidem
1001 2070 1094 2140 illam,
1114 2069 1118 2145 l
1136 2070 1192 2129 sad
1217 2071 1249 2129 in
1275 2088 1344 2145 spe-

415 2166 494 2226 ciem
515 2169 620 2225 tamen
641 2165 791 2224 humilem
812 2166 843 2223 ct
862 2182 963 2239 paene
978 2166 1134 2225 sordidam
1150 2166 1346 2241 dedignarer,

415 2262 530 2337 partim
561 2261 652 2335 quod,
685 2261 759 2334 quia
788 2260 820 2318 in
842 2260 924 2319 ludis
946 2261 1098 2319 eiusmodi
1118 2261 1186 2335 ipse
1208 2278 1270 2319 non
1292 2263 1345 2321 ad·

414 2357 540 2415 modum
562 2373 665 2414 essem
687 2356 843 2423 versatus,
865 2355 917 2413 vix
937 2372 1065 2429 possem
1087 2372 1156 2414 eam
1171 2357 1261 2431 quasi
1276 2373 1344 2432 per·

375 2466 401 2508 20
415 2468 526 2510 sonam
548 2468 617 2509 cum
639 2451 748 2508 decoro
769 2465 888 2524 gerere.
928 2449 1078 2509 Videbam
1100 2452 1182 2509 enim
1204 2452 1243 2510 ad
1263 2452 1346 2512 hanc

413 2546 552 2605 fabulam
574 2544 728 2620 agendam
749 2563 828 2622 opus
850 2544 917 2603 fore
938 2546 1039 2614 denuo
1061 2562 1284 2620 repuerascere
1304 2549 1344 2609 et.

414 2645 449 2702 ut
470 2642 513 2700 ait
534 2641 673 2710 Flaccus,
706 2641 813 2700 ludere
834 2658 891 2716 par
913 2642 1022 2716 impar,
1049 2641 1189 2714 equitare
1220 2643 1252 2700 in
1273 2642 1344 2702 har·

413 2738 530 2796 undine
556 2736 659 2811 longa.
705 2736 766 2795 Sed
792 2754 863 2795 cum
888 2739 922 2795 tu
947 2737 1079 2812 rogandi
1104 2735 1202 2795 finem
1222 2736 1345 2797 laceres

414 2833 532 2892 nullum
558 2833 737 2907 pariterque
766 2836 805 2902 te,
831 2833 884 2907 qui
909 2833 1005 2908 probe
1026 2849 1193 2907 puerorum
1215 2850 1344 2893 sensum

374 2942 400 2985 25
415 2929 551 2995 uallares,
583 2927 610 2986 si
637 2944 699 3002 qua
719 2929 808 2986 nobis
840 2929 900 2987 hac
921 2930 1010 3002 parte
1032 2929 1187 2996 deessent,
1219 2929 1344 3005 supple-

415 3025 519 3082 turum
540 3026 748 3098 promitteres,
769 3023 854 3081 volui
876 3024 1019 3097 quamvis
1035 3023 1223 3081 calumniam
1238 3025 1346 3084 subire

413 3119 517 3193 potius
549 3135 642 3193 quam
669 3120 719 3177 vel
747 3119 801 3176 tibi
827 3118 927 3176 amico
953 3121 1020 3176 tum
1041 3119 1207 3177 sinceriter
1226 3121 1345 3178 amanti

414 3222 480 3271 tum
511 3215 681 3289 prudenter
711 3214 834 3289 roganti
866 3213 1032 3287 quicquam
1064 3230 1179 3288 negare
1204 3215 1254 3273 vel
1275 3232 1345 3274 meo

413 3309 532 3385 pudore
546 3310 705 3384 publicum
719 3309 872 3384 pueritiae
888 3309 1082 3366 commodum
1104 3309 1220 3367 diutius
1245 3327 1344 3368 remo-

374 3419 400 3461 so
414 3406 485 3463 rari.
532 3404 594 3463 lam
617 3405 644 3462 si
666 3406 734 3479 quis
757 3409 813 3472 est,
841 3405 894 3478 qui
915 3404 1118 3462 vehementer
1148 3407 1237 3478 putet
1266 3406 1344 3463 indi·

413 3517 510 3574 gnum
531 3500 598 3567 has,
630 3500 723 3557 sicuti
744 3501 846 3573 prima
876 3499 977 3557 fronte
1003 3499 1157 3566 videntur,
1188 3516 1290 3574 nugas
1312 3501 1345 3558 in

414 3595 593 3653 chartarum
614 3595 784 3670 perniciem
805 3594 908 3658 scribi,
930 3595 957 3651 is
979 3593 1054 3652 mihi
1068 3594 1170 3652 virum
1184 3594 1345 3670 paulisper

414 3696 507 3749 exuat
533 3696 563 3748 et
588 3691 618 3749 in
645 3707 775 3764 puerum
798 3689 907 3748 redeat
928 3689 1105 3762 cogitetque
1126 3689 1188 3747 iam
1209 3690 1344 3763 primum

414 3785 473 3842 sibi
486 3785 586 3843 Latini
602 3786 757 3844 sermonis
771 3801 865 3842 usum
878 3782 1070 3842 discendum.
1087 3783 1209 3852 Statim,
1225 3786 1342 3859 opinor,

374 3880 539 3947 asvidebit,
576 3897 669 3953 quam
703 3880 795 3938 facile
822 3883 853 3938 et
882 3878 966 3937 nullo
999 3894 1098 3953 paene
1132 3880 1257 3954 negotio
1288 3898 1347 3956 per
