3409 4567
750 474 900 518 omuoovs
914 474 982 517 l-lll.

717 656 945 723 DIALOGVS
967 656 1008 722 ΙΙ.

643 797 830 857 Osvaldus
857 801 892 857 et
913 796 1079 857 Michael.

370 909 414 963 De
439 910 531 963 natali
558 909 740 971 celebrando,
773 909 809 963 de
837 911 965 979 receptis
989 907 1124 980 'pecuniis
1153 908 1248 980 deque
1275 908 1352 962 bono

728 998 868 1070 cuiusque
886 997 983 1066 genio.

393 1132 407 1174 5
498 1117 692 1178 Osvaldua
733 1118 803 1177 Non
829 1122 863 1178 tu
887 1118 979 1177 hodie
1000 1120 1089 1178 tuum
1114 1118 1251 1177 natalem
1273 1118 1350 1176 cele-

419 1213 492 1271 bras
514 1215 608 1288 atque
633 1230 701 1272 nos·
717 1216 788 1272 tuos
815 1214 939 1273 sodales
961 1213 1104 1271 convivio
1125 1209 1262 1288 excipis?
1302 1211 1351 1270 An

418 1308 546 1382 ignoras
572 1308 656 1367 hunc
682 1309 763 1367 diem
790 1309 861 1367 divo
882 1308 1035 1378 Michaeli,
1067 1309 1155 1366 cuius
1181 1309 1216 1366 tu
1236 1323 1351 1366 nomen

418 1401 528 1471 refers,
551 1419 622 1462 esse
644 1401 788 1462 sacrum?

495 1497 663 1558 Michael.
695 1498 765 1558 Scio
790 1501 948 1575 equidem3
976 1499 1050 1574 quid
1074 1490 1179 1557 autem
1202 1496 1348 1566 facerem,

380 1596 542 1670 loquendo
558 1596 736 1654 neobolum
755 1596 880 1670 quidem
901 1597 1010 1665 habeo,
1032 1611 1093 1670 quo
1112 1606 1226 1670 panem
1245 1608 1349 1652 emere

417 1707 538 1766 queam,
560 1691 676 1750 nedum
698 1692 842 1751 convivia
863 1690 1034 1767 agitarem?

495 1785 690 1845 Osvaldus.
732 1786 802 1845 Non
821 1787 873 1846 his
894 1787 1043 1845 nundinis
1064 1784 1278 1860 aparentibus
1293 1782 1348 1841 tibi

416 1883 534 1940 nummi
555 1884 629 1940 sunt
649 1883 758 1941 missit

492 1976 662 2036 Michael.
704 1977 785 2037 Sunt
808 1979 925 2052 utique,
952 1977 1007 2035 sed
1038 1979 1111 2035 ante
1136 1975 1346 2036 nundinarum

377 2084 401 2126 15
414 2072 531 2129 exitum
553 2089 570 2131 e
591 2074 773 2142 mercatore,
801 2074 854 2147 qui
874 2073 995 2131 litteras
1014 2072 1106 2130 modo
1127 2071 1219 2139 dedit,
1245 2070 1345 2128 extor-

415 2182 510 2239 quere
531 2184 662 2242 possum
683 2168 774 2240 nihil;
795 2169 839 2227 ait
860 2169 943 2227 enim
964 2168 1024 2225 sibi
1037 2167 1069 2225 in
1083 2167 1170 2225 tanto
1184 2164 1346 2223 hominum

375 2274 435 2328 [aaa]
465 2265 599 2337 strepitu
613 2264 710 2322 otium
724 2264 764 2322 ad
782 2261 786 2340 1
804 2264 1014 2323 numerandas
1025 2262 1175 2338 pecunias
1186 2278 1248 2320 non
1260 2277 1346 2333 esse;

413 2357 527 2432 alioqui
541 2375 604 2417 non
619 2359 709 2417 modo
725 2360 863 2419 natalem
881 2376 986 2417 meum
1002 2358 1144 2416 convivio
1159 2357 1343 2431 exciperem,

413 2452 468 2510 sed
489 2457 521 2511 et
541 2454 633 2529 genio
654 2454 744 2524 bono,
764 2471 856 2528 quem
871 2453 1019 2529 angelum
1034 2453 1174 2520 dicimus,
1194 2450 1345 2526 peculiari

372 2561 398 2602 ro
412 2546 516 2622 aliqua
536 2548 693 2608 hilaritate
713 2549 918 2625 gratificarer.

490 2642 683 2702 Osvaldus.
725 2644 833 2720 ltaque
844 2644 1030 2704 Terentiano
1045 2642 1097 2702 illo
1112 2643 1189 2702 satis
1202 2642 1343 2701 excusati

411 2752 534 2794 sumus:
556 2736 606 2795 ‘Vt
626 2738 760 2811 quimus’
782 2739 879 2805 aiunt,
901 2737 1025 2812 quando
1047 2739 1091 2794 ‘ut
1104 2734 1258 2794 volumus'
1280 2750 1342 2792 non

410 2832 490 2891 licet.

694 3126 922 3193 DIALOGVS
944 3126 1002 3191 ΙΠ.

370 3279 395 3320 25
693 3266 826 3327 Petrus
853 3270 888 3327 et
909 3266 1056 3326 Paulus.

319 3378 321 3380 ’
357 3375 402 3429 De
430 3374 527 3431 reditu
553 3378 583 3428 in
611 3377 742 3445 patriam,
772 3376 808 3431 de
835 3378 943 3431 litteris
970 3394 987 3430 a
1013 3375 1183 3446 parentibus
1211 3377 1339 3445 acceptis

631 3461 726 3532 deque
744 3464 880 3518 missione
899 3463 1067 3533 flagitanda.

486 3599 628 3660 Petrus
670 3601 772 3671 Salve,
795 3604 837 3661 mi
858 3603 962 3662 Paule.

486 3696 629 3756 Paulus.
670 3696 709 3755 Et
729 3700 772 3768 tu,
799 3699 952 3758 sodalium
977 3697 1210 3764 iucundissime,
1237 3694 1336 3753 Petre.

367 3805 393 3847 ao
408 3790 469 3850 Sed
489 3792 563 3865 quid
588 3794 665 3852 adeo
687 3810 721 3852 es
743 3795 863 3853 tristis?
909 3795 988 3853 Nam
1014 3811 1051 3853 ex
1077 3809 1137 3867 quo
1160 3792 1337 3850 communia

407 3888 512 3946 studia
531 3888 685 3963 idemque·
706 3889 756 3948 hic
782 3890 875 3949 ludus
906 3894 1014 3948 mutua
1044 3906 1101 3948 nos
1126 3888 1336 3947 familiaritate
