3409 4567
629 496 779 540 nmionvs
796 497 993 540 xxxii-xxxiv.
1264 502 1301 559 41

338 695 403 749 [33]
449 672 666 757 Gregorius}
684 681 790 740 Omnis
809 681 813 757 Ι
830 683 959 758 generis
974 682 1069 742 flores
1085 685 1179 757 atque
1194 682 1301 741 adera-

370 778 476 834 menta
492 776 694 835 concinnant.

447 871 622 930 Basilius
664 870 802 940 Faciant,
829 877 864 931 ut
885 872 985 944 lubet;
1007 889 1065 947 ege
1091 873 1179 931 nihili
1200 874 1302 947 pendo

371 968 449 1025 istas
471 981 587 1040 nugas:
618 967 742 1025 tantum
763 968 861 1035 abest,
892 969 929 1026 ut
953 968 1053 1042 pretio
1076 985 1179 1027 emere
1200 968 1302 1027 velim.

343 1061 486 1133 eQucdsi
506 1062 641 1136 pecunia
659 1065 850 1136 superesset,
878 1079 1010 1121 vernum
1031 1064 1178 1137 butyrum
1200 1080 1303 1122 emere

370 1157 489 1227 malim3
504 1156 564 1215 hoc
576 1157 657 1215 enim
670 1158 702 1215 in
715 1158 899 1216 alimentum
911 1158 1045 1227 cederet,
1058 1175 1129 1216 cnm
1140 1160 1302 1226 sertorum,

371 1252 398 1309 si
420 1252 547 1310 ederem
568 1253 715 1327 excipias,
737 1252 843 1311 nullus
864 1253 957 1328 plane
979 1253 1020 1311 sit
1041 1270 1127 1311 usus.

613 1447 841 1515 DIALOGVS
865 1449 1025 1515 XXXIV.

593 1570 759 1645 Raphael
780 1575 816 1630 et
837 1572 1044 1650 servatius

332 1689 357 1731 10
525 1681 571 1736 De
589 1682 670 1737 feriis
690 1681 752 1736 divi
770 1682 880 1747 Vrbani
899 1683 1129 1738 confabulantur.

448 1779 624 1862 Raphael.
671 1786 795 1846 Vtinam
827 1788 894 1847 3133
925 1788 1001 1847 mihi
1032 1806 1157 1848 sumere
1188 1790 1303 1858 liceret,

369 1884 405 1941 ut
419 1882 492 1941 hinc
507 1884 633 1941 domum
648 1883 773 1941 avolare
787 1882 928 1958 possem!
965 1882 1087 1943 Etenim
1103 1885 1195 1943 nimis
1211 1902 1304 1959 quam

372 1978 462 2051 cupio
494 1978 666 2035 crastinum
696 1979 777 2038 diem
808 1979 840 2036 in
862 1979 965 2053 patria
985 1979 1175 2055 transigere:
1209 1997 1302 2054 quam

371 2071 555 2131 facultatem
575 2090 690 2149 magno
713 2090 816 2132 emere
837 2090 900 2131 non
921 2090 1109 2132 recusarem.

335 2180 359 2223 15
451 2167 657 2227 Servatius.
699 2168 777 2240 Quid
797 2169 848 2227 hic
870 2169 929 2228 sihi
950 2165 1036 2226 vult?
1067 2168 1113 2226 Tu
1133 2172 1165 2227 te
1180 2168 1305 2227 homine

375 2264 467 2321 exuto
498 2264 530 2322 in
561 2264 721 2322 volucrem
751 2267 871 2323 mutam
898 2264 945 2321 vis
978 2261 1189 2339 degeneraret
1243 2264 1306 2321 Aut

372 2358 445 2433 quid
467 2358 539 2416 novi
561 2360 682 2428 accidit,
713 2360 794 2433 quod
821 2361 885 2418 tam
907 2360 1107 2435 repentinum
1133 2360 1221 2417 tuum
1247 2360 1306 2417 iter

372 2454 528 2530 postulet?

449 2549 627 2624 Raphael.
668 2548 791 2624 Rogas?
822 2550 934 2609 Nescis
962 2567 1031 2609 cras
1052 2549 1148 2608 ferias
1170 2551 1221 2625 agi
1243 2550 1305 2609 divi

331 2641 508 2703 mVrhani?
981 2646 983 2650 ’

451 2739 659 2797 Servatius.
701 2738 793 2810 chi3
816 2740 872 2797 sed
893 2740 967 2813 quid
988 2736 1073 2798 tum?

449 2833 625 2908 Raphael.
668 2833 758 2892 Hunc
789 2834 896 2892 divum
922 2836 1030 2893 ecdem
1061 2851 1161 2909 paene
1187 2835 1249 2892 ritu
1275 2840 1307 2893 et

371 2929 483 2987 iisdem
505 2930 709 2988 caeremoniis
732 2913 842 2987 colunt
860 2931 1026 2995 nostrates,
1054 2930 1167 3003 quihus
1189 2929 1305 2987 ethnici

374 3024 446 3081 olim
460 3023 628 3091 Bacchum,
650 3029 685 3082 ut
701 3041 781 3098 quae
796 3023 858 3081 illis
874 3026 963 3081 erant
976 3022 1193 3091 Bacchanalia,
1216 3024 1305 3081 nohis

333 3132 359 3175 25
373 3136 474 3193 paene
495 3119 559 3176 sint
579 3118 756 3178 Vrhanalia.

452 3213 657 3272 Servatius
700 3216 741 3271 At
771 3214 801 3271 in
834 3230 927 3287 quem
957 3230 1051 3271 usum
1082 3213 1202 3271 iaciunt
1228 3215 1305 3273 haec

373 3306 563 3367 Christiani?

451 3404 627 3479 Raphael.
668 3403 784 3462 Putant
805 3405 864 3462 hcc
886 3404 956 3461 dive
978 3404 1023 3462 313
1044 3404 1167 3478 placato
1183 3402 1305 3461 felicius

374 3501 538 3573 provenire
559 3517 647 3558 uvae.

333 3609 360 3651 ac
453 3594 659 3654 Servatius
702 3593 869 3652 Ostclidcs
884 3593 1036 3661 homines
1059 3594 1111 3669 qui
1127 3597 1307 3652 sanctorum

374 3692 504 3749 numina
535 3690 671 3765 crapulis
703 3706 739 3748 33
770 3689 1053 3763 compotationibus
1086 3690 1237 3747 demereri
1272 3705 1306 3745 se

375 3789 515 3855 credunt,
547 3805 618 3846 cum
638 3786 682 3844 illi
704 3786 894 3844 abstinentia
925 3787 957 3843 et
978 3785 1146 3842 sobrietate
1174 3784 1307 3858 principi

376 3882 440 3940 Deo
462 3883 645 3957 placuerint.

762 3986 917 3994 ———
