3409 4567
670 472 1018 524 uniocvsxxvr-xxvur.
1301 475 1338 533 35

480 659 679 718 Fabianus,
728 657 814 726 Vide,
846 658 920 733 quid
951 674 1038 733 agas
1069 675 1143 717 num
1173 658 1211 717 de
1242 657 1338 717 larvis

404 755 531 814 cautum
547 757 603 813 ost.
636 753 731 813 Porro
746 754 993 827 compotationes
1009 755 1039 811 et
1054 754 1215 812 contiones
1231 753 1337 811 civiles

404 850 544 909 indulsit.

368 959 432 1014 [ora]
481 943 716 1003 Francisous
735 945 740 1018 Ι
757 943 934 1003 Parendum
956 943 1028 1002 erit:
1050 943 1164 1018 alioqui
1189 945 1262 1017 post
1282 943 1337 1001 im·

376 1041 560 1117 apermissa
579 1040 696 1125 gaudia
715 1039 839 1098 fortiter
863 1040 1064 1113 plorabimus.

638 1401 866 1467 DIALOGVS
893 1402 1052 1467 XXVIII.

658 1538 767 1597 Vitus
789 1542 825 1598 et
846 1539 1021 1599 Severus
1114 1623 1115 1627 Ἰ

483 1668 528 1721 Ι)θ
546 1668 655 1721 ieiunio
674 1668 769 1743 deque
783 1668 976 1732 confessione,
996 1687 1081 1739 quam
1094 1675 1208 1723 vocant.

484 1799 602 1858 Vltus.
644 1799 722 1871 Quid
746 1801 832 1858 istud
852 1801 1019 1875 portendit,
1042 1800 1165 1868 Severe,
1194 1802 1275 1875 quod
1296 1802 1340 1859 ita

368 1909 393 1951 ro
406 1896 636 1969 cogitabundus
658 1893 855 1954 inambulas?
896 1896 975 1954 Nam
1000 1897 1076 1955 mihi
1098 1897 1230 1955 arduum
1252 1897 1337 1971 quid·

406 1992 477 2051 dam
498 1991 641 2049 meditari
662 1991 787 2049 videris

483 2085 656 2144 Severus
699 2085 811 2160 Rogas,
834 2086 924 2160 quasi
944 2103 1007 2144 non
1022 2087 1199 2161 ipsumhoc
1214 2090 1338 2163 tompus

408 2183 446 2249 te,
468 2181 541 2255 quid
562 2197 698 2255 agerem,
720 2182 831 2239 dooere
851 2181 962 2255 possit.

484 2275 601 2334 Vitus.
642 2276 768 2334 Ieiuniis
800 2293 875 2351 orgo
907 2277 1024 2335 crebris
1056 2280 1087 2336 te
1117 2294 1269 2346 maceras
1305 2281 1339 2337 ut

369 2384 393 2440 15
407 2372 558 2430 eiusmodi
580 2370 692 2429 faciem
714 2368 881 2431 exhibeas?

486 2465 660 2524 Severus.
701 2467 836 2535 Minimo,
869 2468 925 2525 sed
957 2484 1037 2541 quae
1058 2484 1168 2541 parum
1195 2468 1341 2543 religioso

406 2561 439 2619 in
450 2560 551 2620 Deum
567 2562 758 2620 conditorem
772 2564 867 2636 atque
889 2563 1026 2621 eundum
1041 2562 1239 2622 liberatorem
1259 2564 1341 2622 male

407 2658 517 2731 gratus
552 2657 672 2725 admisi,
715 2673 752 2715 ca
784 2674 868 2715 nunc
902 2658 934 2716 in
968 2659 1150 2716 memoriam
1191 2674 1340 2716 revocare

408 2751 528 2809 studeo.
578 2751 642 2810 Iam
673 2754 756 2810 enim
788 2755 913 2826 tempus
945 2753 1037 2810 simul
1069 2754 1163 2827 atque
1189 2753 1341 2811 ecclesiae

368 2861 395 2902 20
409 2846 544 2904 edictum
571 2848 718 2920 postulat,
750 2849 785 2904 ut
805 2850 936 2921 peccato
962 2850 1070 2906 nostra
1096 2848 1261 2923 diligenter
1290 2864 1339 2906 ex-

358 3021 360 3023 v
409 2957 503 2999 cussa
516 2942 592 2999 tutis
608 2942 806 3018 sacerdotum
820 2942 948 3001 auribus
964 2944 1123 3001 censenda
1137 2944 1339 3017 deponamus,

408 3052 469 3109 quo
500 3036 538 3094 ab
560 3036 606 3093 eis
628 3036 666 3094 de
691 3039 892 3111 peccatorum
913 3038 1033 3096 ratione
1055 3038 1164 3106 edocti,
1197 3038 1342 3096 videlicet

409 3147 550 3204 quaeque
565 3132 647 3190 levia
665 3148 806 3207 quaeque
827 3133 937 3207 gravia
958 3133 1028 3200 sint,
1052 3133 1200 3207 deinceps
1216 3133 1340 3191 cautius

408 3226 561 3284 vivamus

368 3334 395 3377 25
486 3320 603 3379 Vitus
645 3322 685 3379 At
715 3322 855 3380 incurius
882 3338 940 3395 ego
962 3338 1001 3379 ne
1023 3323 1121 3380 semel
1142 3321 1267 3396 quidem
1288 3322 1340 3379 ad·

408 3417 470 3475 huo
492 3418 530 3476 de
550 3433 584 3474 re
605 3420 693 3475 tanta
714 3417 856 3491 cogitavi.

488 3512 665 3571 Severus.
708 3512 772 3571 Hac
793 3512 915 3570 ratione
937 3510 1033 3569 nihilo
1055 3528 1088 3569 es
1111 3511 1228 3569 melior.
1261 3510 1341 3582 Quin

409 3611 530 3667 mature
547 3608 637 3666 nobis
654 3607 713 3665 hoc
730 3623 859 3665 munere
876 3606 1110 3680 defungendum
1122 3608 1179 3674 est,
1196 3607 1341 3664 nimirum

410 3706 445 3761 ut
474 3702 532 3760 hoc
564 3702 733 3760 confitendi
754 3718 857 3769 onere,
890 3719 951 3775 quo
972 3702 1093 3760 nullum
1124 3704 1173 3759 est
1203 3701 1341 3776 gravina,

369 3798 532 3856 coliberati
563 3799 626 3855 divi
659 3797 807 3872 Gregorii,
841 3799 1014 3857 studiorum
1045 3797 1209 3871 praesidis
1246 3796 1341 3855 ferias

411 3910 541 3968 agamus
563 3894 779 3967 expeditiores.

1154 4003 1186 4057 3ss
