3409 4567
721 472 871 516 unrocus
885 473 911 523 v,
925 472 960 515 vr.
1298 476 1333 531 ῃ

478 658 647 718 loannes.
699 655 761 715 Sed
787 657 910 732 quando
947 657 1034 721 satis
1053 656 1183 715 fabulati
1214 672 1333 723 sumus,

402 754 483 812 hanc
505 770 632 828 operam
663 769 724 811 non
747 752 888 827 negabis,
915 752 1033 826 opinor,
1065 753 1100 809 ut
1130 768 1180 809 mc
1211 751 1251 809 ad
1270 750 1335 809 ludi

402 850 629 907 moderatorem
651 848 797 915 deducas
830 846 985 920 siquidem
1009 846 1072 904 iam
1093 846 1199 904 statim
1220 862 1333 903 nomen

402 960 507 1003 meum
521 944 552 1001 in
567 943 649 1002 hanc
664 942 847 1001 litterariam
866 940 1009 999 militiam
1024 942 1099 1000 dare
1114 958 1181 1000 sum
1195 943 1333 1015 paratus.

374 1054 388 1122 s
479 1039 635 1097 Marcus
677 1037 802 1096 Faciam
823 1052 862 1095 ac
883 1036 1009 1095 lubens:
1031 1041 1065 1095 tu
1083 1053 1133 1095 me
1154 1053 1295 1111 sequere.

691 1487 918 1553 DIALOGVS
942 1487 998 1553 Vl.

495 1628 540 1682 Dc
559 1626 732 1697 recipiendis
750 1628 780 1679 in
798 1626 980 1697 disciplinam
999 1626 1189 1681 scholasticis,

507 1750 667 1816 Marcus,
689 1749 985 1825 Ludimagister,
1006 1748 1174 1808 loannes.
1258 1733 1259 1737 ¹

451 1898 607 1957 Marcus,
660 1897 707 1955 En
735 1898 804 1968 tibi,
836 1898 1021 1972 praeceptor
1059 1897 1183 1971 optime,
1215 1898 1334 1956 adduco

363 1993 450 2052 rohie
475 1994 639 2067 quendam,
666 2009 737 2051 cum
758 1992 901 2065 quoiam
922 2008 1021 2049 annos
1043 1992 1160 2064 aliquot
1181 1992 1256 2050 mihi
1277 1993 1336 2051 fuit

401 2088 606 2157 familiaritas,
637 2087 937 2146 hominembonum
965 2088 995 2145 ct
1015 2086 1199 2147 studiosum.
1239 2086 1268 2145 is
1290 2088 1336 2145 tui

401 2183 466 2243 ludi
490 2184 575 2242 lama
599 2182 718 2241 excitus
744 2182 806 2241 huc
831 2180 961 2256 appulit.
1008 2180 1108 2252 Quare
1133 2197 1266 2256 magnae
1291 2181 1335 2241 ie·

400 2279 526 2339 licitatis
548 2278 615 2337 loco
636 2278 737 2345 ducet,
759 2278 787 2335 si
806 2294 842 2335 se
862 2277 895 2335 in
914 2279 1039 2336 tuorum
1053 2292 1183 2351 gregem
1196 2278 1336 2353 recipere

402 2375 549 2450 dignatus
570 2373 678 2431 fueris.

363 2484 388 2527 15
478 2468 764 2543 Ludimagister.
815 2468 1011 2527 Adulescens
1044 2468 1138 2536 bone,
1171 2467 1252 2541 quod
1282 2466 1337 2524 tibi

404 2567 453 2624 est
474 2561 606 2623 nomen‘l

482 2659 651 2718 loannes.
693 2657 748 2716 list
770 2659 845 2716 mihi
867 2674 980 2716 nomen
1001 2658 1142 2715 loannes.

479 2753 766 2829 Ludimagister.
793 2752 946 2811 Faustum
967 2753 1059 2828 plane
1086 2768 1199 2810 nomen
1217 2768 1253 2810 es
1273 2769 1336 2810 sor·

403 2851 488 2919 titus,
511 2850 626 2925 quippe
647 2849 706 2907 hoo
726 2848 878 2907 Hebraeis
899 2865 918 2906 a
940 2848 1043 2924 gratia
1064 2847 1184 2905 dicitur.
1227 2846 1336 2918 Quam-

362 2961 389 3003 no
403 2947 509 3004 obrem
531 2961 654 3003 summa
684 2961 743 3018 ope
765 2943 819 3001 tibi
840 2944 890 3002 est
911 2942 1100 3010 enitendum,
1131 2943 1167 3000 ut
1186 2944 1250 3000 tam
1268 2959 1337 3017 gra·

402 3040 474 3099 tiosi
495 3040 629 3097 nominis
651 3038 877 3113 exspectationi
897 3055 953 3113 pro
969 3039 1025 3096 tua
1038 3037 1120 3096 virili
1134 3038 1337 3112 respondeas.

479 3134 647 3193 loannes
700 3133 850 3207 Equidem
888 3150 944 3208 pro
969 3132 1088 3191 viribus
1119 3132 1227 3191 sedulo
1259 3133 1338 3191 dabo

402 3247 528 3305 operam
550 3232 643 3303 teque
663 3229 695 3287 in
715 3228 775 3287 hoc
796 3229 872 3287 mihi
893 3229 1066 3287 adiutorem
1086 3227 1153 3287 lore
1174 3245 1275 3303 spero.

478 3323 764 3397 Ludimagister.
800 3323 861 3382 Sed
882 3324 1003 3397 etipsa
1024 3325 1161 3397 corporis
1181 3324 1227 3380 tui
1241 3322 1338 3381 iacies

362 3434 389 3478 25
403 3421 541 3480 animum
562 3420 694 3478 subesse
716 3420 861 3488 ostendit,
884 3419 936 3494 qui
957 3434 1059 3492 neque
1078 3418 1221 3481 alitteris
1237 3433 1338 3491 neque

401 3515 570 3573 virtutibus
595 3514 769 3582 abhorreat,
788 3514 875 3582 adeo,
901 3515 945 3584 ut,
971 3514 998 3572 si
1023 3513 1145 3572 lort'ter
1170 3513 1281 3588 egeris,
1308 3514 1339 3571 et

404 3611 441 3669 de
466 3611 497 3669 te
518 3610 578 3668 dici
604 3610 729 3667 demum
749 3610 850 3684 possit
875 3610 963 3668 illud:
998 3610 1116 3684 gratior
1137 3609 1186 3666 est
1206 3607 1337 3683 pulchro

403 3706 566 3764 veniense
586 3721 715 3779 corpore
729 3705 839 3763 virtus.
880 3704 944 3776 Quo
966 3704 1115 3763 libentius
1137 3705 1168 3761 te
1182 3704 1215 3761 in
1236 3719 1338 3761 meam

402 3801 599 3876 disciplinam
628 3801 752 3876 recipio,
785 3802 812 3859 si
837 3801 928 3858 modo
954 3801 1011 3859 das
1032 3799 1127 3857 fidem
1149 3800 1180 3856 te
1200 3799 1273 3857 boni
1295 3798 1338 3856 di·

361 3910 389 3953 so
403 3896 514 3971 scipuli
534 3894 636 3954 officio
659 3896 742 3971 apud
762 3912 812 3955 me
833 3895 1021 3955 functurum
