3409 4567
590 1062 838 1148 lurum
864 996 1113 1140 Auerno,

357 1220 684 1291 Praeceptiuncula
711 1218 752 1273 de
770 1224 929 1287 tempore
949 1218 1080 1271 studiis
1099 1218 1343 1286 impartiendo

358 1329 375 1364 a
413 1310 522 1362 Petro
559 1306 756 1361 Mosellano
796 1303 1083 1359 adulescentulis
1125 1298 1342 1377 disciplinae

617 1408 699 1448 suae
718 1392 918 1445 commissis
937 1390 1081 1444 tradita.

383 1517 653 1592 schristophorus
684 1532 704 1574 a
734 1513 903 1581 Canchlei,
935 1513 1017 1572 Petri
1052 1514 1215 1573 Mosellam
1251 1516 1341 1573 disci·

632 1610 735 1685 pulus
758 1609 867 1668 lectori
889 1609 1031 1667 salutem.
1380 1604 1381 1607 ’

487 1742 587 1801 Nimio
624 1756 725 1816 paene
762 1739 865 1797 studio
898 1739 979 1806 olim,
1011 1739 1109 1797 lector
1140 1740 1279 1810 candide,
1312 1743 1344 1798 et

410 1838 505 1896 animi
526 1837 636 1895 ardore
661 1835 754 1893 Petro
780 1835 963 1902 Mosellano,
994 1836 1191 1910 praeceptori
1223 1838 1340 1904 nostre,

409 1933 501 1991 iustis
532 1931 696 1989 decausis
727 1930 904 1988 mortalium
926 1930 1063 1987 omnium
1089 1931 1259 1998 carissime,
1292 1948 1342 1989 ex·

372 2041 397 2082 10
412 2027 560 2084 torsimus
595 2025 799 2099 condiscipuli
834 2025 896 2083 mei
930 2026 961 2082 et
995 2042 1053 2099 ego
1094 2026 1221 2084 brevem
1261 2026 1342 2084 hanc

409 2122 535 2195 quidem
550 2122 581 2178 in
596 2120 710 2195 specie,
733 2120 790 2177 sed
808 2122 923 2186 tamen,
939 2120 1031 2178 sicuti
1045 2121 1114 2196 ipse
1125 2121 1235 2195 legens
1250 2120 1342 2180 facile

410 2219 581 2292 experiere,
603 2216 759 2292 permulta
772 2218 804 2274 in
820 2234 855 2275 se
871 2217 1128 2292 complectentem
1149 2217 1187 2274 de
1202 2217 1342 2290 tempore

408 2315 530 2372 ratione
552 2316 638 2372 certa
659 2312 971 2388 optimarumrerum
993 2312 1106 2369 studiis
1127 2311 1341 2369 distribuendo

407 2410 669 2484 praeceptionem.
710 2407 787 2466 Eam
809 2424 880 2466 cum
895 2408 979 2482 apud
992 2423 1042 2465 me
1058 2407 1242 2481 complures
1264 2422 1342 2479 quos

371 2519 395 2560 15
411 2505 572 2563 academia
593 2505 671 2563 haec
692 2503 823 2562 illustris
845 2503 907 2571 alit,
936 2502 1068 2561 studiosi
1094 2502 1341 2576 conspexissent,

408 2600 440 2657 in
463 2600 529 2657 dies
550 2599 617 2658 fere
638 2600 705 2658 eius
737 2600 782 2657 rei
813 2599 1037 2656 describendae
1072 2599 1233 2672 negotium
1266 2596 1343 2654 mihi

410 2694 606 2753 exhibebant.
648 2695 711 2771 Ego
742 2712 815 2753 vero
847 2696 883 2752 ut
902 2693 1000 2752 semel
1027 2693 1086 2751 hac
1107 2693 1343 2751 sollicitantium

409 2789 555 2847 molestia
576 2789 739 2866 defungar,
762 2789 843 2864 quod
864 2788 1108 2864 privatim'mihi
1123 2791 1154 2846 et
1168 2787 1342 2845 studiorum

410 2901 550 2942 meorum
572 2886 755 2959 aequalibus
777 2886 855 2942 meis
881 2884 1110 2959 praescriptum
1134 2883 1247 2949 fuerat,
1279 2898 1342 2939 om·

380 2992 441 3046 [Ara]
462 2980 555 3037 nibus
567 2980 598 3037 in
609 2980 733 3038 univer·
752 2978 756 3055 l
774 2997 845 3038 sum
857 2979 1005 3037 studiosis
1017 2978 1170 3052 impartiri
1185 2976 1341 3035 constitui.

409 3074 548 3133 Tametsi
569 3076 646 3132 satis
677 3075 741 3132 scio
763 3091 893 3149 parvam
919 3089 969 3131 me
1000 3073 1134 3147 gratiam
1158 3073 1237 3131 inire
1259 3072 1343 3147 apud

410 3171 654 3245 praeceptorem,
677 3170 729 3244 qui
749 3170 807 3227 has
829 3170 922 3227 sicuti
943 3172 1075 3243 apparet
1088 3169 1224 3244 pueriles
1240 3184 1341 3243 nugas

410 3281 473 3323 non
495 3266 527 3322 in
548 3265 607 3322 hoc
628 3265 764 3339 scripsit,
786 3266 822 3322 ut
842 3265 1019 3333 ederentur,
1041 3265 1097 3323 sed
1118 3267 1154 3323 ut
1174 3263 1264 3321 nobis
1285 3279 1341 3337 pro

411 3377 467 3417 suo
490 3359 595 3417 officio
627 3360 710 3417 domi
741 3360 928 3418 consuleret.
969 3359 1069 3418 Tuum
1101 3377 1175 3434 ergo
1197 3358 1265 3426 erit,
1295 3358 1341 3415 iu-

372 3468 400 3509 25
416 3457 516 3522 venis
539 3454 684 3528 quicquid
705 3454 764 3513 hoc
786 3456 843 3524 est,
866 3456 1030 3514 dummodo
1052 3454 1136 3528 frugi
1162 3455 1192 3511 et
1212 3453 1343 3511 alicuius

409 3551 503 3623 pretii
524 3552 581 3618 est,
603 3550 677 3608 boni
708 3551 863 3624 aequique
885 3551 1048 3609 consulere
1075 3553 1106 3607 et
1126 3550 1267 3607 nostram
1289 3548 1340 3605 ad·

409 3661 537 3702 versum
567 3648 598 3703 te
618 3645 813 3703 voluntatem
844 3647 877 3704 et
897 3646 1035 3703 studium
1061 3646 1160 3702 amice
1186 3643 1340 3718 amplecti.

409 3740 494 3798 Bene
521 3741 599 3799 vale.
653 3740 769 3799 Datum
802 3739 927 3815 Lipsiae
964 3740 1069 3799 Idibus
1104 3739 1340 3815 Septembribus

410 3851 492 3892 anno
513 3836 678 3895 restitutae
699 3836 812 3895 salutis
832 3834 973 3894 MDXXl.

1155 3947 1186 4001 4*
