3409 4567
634 436 838 486 MOSELLANVS.
853 436 1054 483 Phanotocln.

405 622 436 678 et
457 621 566 679 doctos
587 625 619 679 et
639 622 748 691 bonos,
774 622 833 680 hoc
853 623 891 680 ut
910 623 1018 693 velint,
1050 625 1127 686 illud
1153 631 1190 687 ut
1216 635 1346 707 possint

404 720 490 775 recte
523 717 643 785 docere,
675 717 829 791 siquidem
849 716 1000 787 Latinam,
1039 718 1191 781 Graecam
1217 728 1250 785 et
1281 729 1343 790 He-

404 813 540 871 braicam
575 813 701 888 linguas
730 814 762 871 in
795 812 1043 873 Christianorum
1080 816 1198 877 scholis
1233 823 1342 885 doceri

404 907 584 982 pontificiae
615 908 703 983 leges
732 908 841 968 iubent
878 909 909 966 et
940 909 1080 968 veterum
1118 911 1341 991 theologorum

377 1016 390 1056 5
405 1003 548 1078 exempla
567 1004 701 1062 suadent
715 1021 751 1063 ac
766 1004 900 1078 denique
916 1003 1110 1066 Christianae
1130 1008 1175 1066 rei
1189 1012 1340 1083 publicae

403 1114 481 1156 usus
494 1099 598 1173 exigit.
630 1098 750 1158 Habeat
765 1100 898 1173 denique
913 1099 1084 1177 theologos,
1098 1101 1125 1160 si
1139 1118 1201 1162 non
1215 1106 1336 1179 plures,

403 1210 501 1252 unum
523 1194 634 1252 saltem
656 1196 710 1253 aut
740 1195 873 1253 alterum
901 1212 973 1253 cum
999 1195 1221 1271 scripturarum
1241 1201 1335 1260 intel·

403 1288 542 1363 legentia
573 1290 639 1347 tum
674 1290 758 1348 vitae
790 1290 998 1350 sanctimonia
1025 1293 1153 1368 egregie
1175 1295 1331 1369 probatos.

402 1383 482 1442 Tum
511 1384 696 1458 iureperitcs
731 1401 792 1442 non
827 1386 932 1443 minus
965 1387 1137 1459 prudentia
1177 1405 1263 1464 quam
1299 1396 1332 1450 et

366 1493 390 1532 ro
402 1477 550 1537 facundia
573 1479 726 1537 laudatos.
767 1480 814 1537 Ad
835 1480 915 1539 haec
936 1481 1084 1553 medicos,
1109 1499 1189 1558 quos
1210 1487 1328 1546 natura-

404 1573 478 1632 lium
513 1590 615 1631 rerum
650 1574 806 1649 profunda
841 1575 977 1650 cognitio
1013 1579 1045 1634 et
1085 1580 1216 1638 curandi
1254 1579 1331 1641 fides

405 1670 569 1743 perspecta
595 1669 799 1727 commendet.
842 1669 1001 1728 Postremo
1027 1671 1242 1749 philosophae,
1273 1693 1336 1736 non

404 1765 454 1836 qui
477 1763 680 1838 sophisticam
701 1765 822 1823 rixandi
843 1766 1050 1840 pertinaciam
1072 1783 1110 1825 ex
1130 1769 1247 1843 ineptis
1267 1772 1336 1831 bar·

403 1860 548 1917 herorum
574 1861 806 1919 commentariis
833 1861 1000 1925 inculcent.
1033 1863 1090 1920 sed
1122 1865 1175 1937 qui
1200 1866 1336 1940 philoso-

365 1968 390 2009 15
403 1955 528 2028 phando
563 1954 700 2013 Platonis
737 1957 944 2026 maiestatem,
980 1973 1113 2017 acumen
1147 1960 1336 2033 Aristotelis,

403 2050 610 2125 Theophrasti
637 2051 846 2125 eloquentiam
874 2052 1015 2127 proxime
1036 2053 1182 2113 referant.
1225 2055 1336 2127 Quam-

403 2163 496 2220 quam
527 2150 631 2205 autem
662 2148 862 2222 gymnasium
889 2150 1043 2209 eiusmodi
1069 2151 1196 2209 minoris
1218 2154 1337 2227 negotii

371 2255 431 2308 [ela]
456 2246 505 2300 est
524 2243 700 2301 describere
723 2259 816 2316 quarn
835 2260 970 2320 usquam
990 2246 1140 2310 invenire,
1166 2246 1204 2301 ad
1223 2247 1228 2314 l
1245 2263 1335 2317 prae-

403 2338 551 2412 scriptam
578 2341 683 2394 tamen
706 2338 875 2413 imaginem
905 2342 1074 2410 utcumque
1098 2336 1251 2392 accedunt
1281 2336 1332 2392 hic

363 2433 433 2489 coin
465 2432 566 2489 vicino
598 2432 686 2498 sitae,
718 2432 823 2507 Lipsia
853 2434 884 2490 et
916 2429 1140 2499 Wittenberga.
1182 2424 1246 2483 Nec
1277 2427 1331 2486 Er·

402 2526 536 2601 phurdia
566 2526 711 2599 cuiquam
744 2528 793 2586 est
822 2522 1020 2599 aspernanda
1049 2521 1085 2577 ut
1115 2536 1174 2580 nec
1198 2520 1330 2583 Basilea.

402 2620 503 2695 Super
538 2637 647 2679 omnes
684 2640 757 2681 vero
796 2622 889 2679 trium
923 2618 1101 2692 linguarum
1135 2616 1331 2693 professione

402 2716 493 2773 floret
524 2715 703 2787 Lovanium,
737 2716 845 2776 schola
874 2714 924 2773 vel
954 2712 1012 2770 hoc
1038 2713 1162 2772 nomine
1194 2714 1331 2772 omnium

401 2812 592 2883 felicissima,
626 2814 707 2887 quod
739 2828 889 2887 magnum
919 2808 1005 2865 illum
1037 2811 1068 2866 et
1096 2810 1269 2884 sapientiae
1301 2813 1332 2868 et

363 2920 388 2962 25
402 2905 599 2980 eloquentiae
612 2910 786 2983 principem
807 2905 901 2965 habet
912 2902 1086 2961 Erasmum.
1123 2903 1161 2962 Et
1175 2921 1331 2963 summum

402 3003 476 3061 illud
498 3004 731 3063 ecclesiasticae
752 2999 913 3077 dignitatis
934 3002 1161 3064 ornamentum,
1184 2999 1331 3058 Albertus

403 3099 577 3167 cardinalia
591 3116 740 3174 magnum
751 3096 898 3171 quiddam
909 3094 1089 3168 Mcguntiae
1102 3111 1178 3153 suae
1193 3095 1331 3166 molitur;

403 3194 484 3267 quod
509 3194 535 3251 si
561 3193 758 3268 processerit,
790 3192 858 3257 erit,
881 3207 940 3265 quo
962 3208 996 3248 se
1020 3190 1183 3249 Germania
1217 3191 1331 3248 exteris

404 3290 579 3347 hominibus
618 3289 766 3347 venditet.
825 3285 920 3344 Porro
966 3287 1041 3344 illud
1083 3285 1234 3360 imprimis
1277 3287 1332 3343 tihi

362 3398 388 3438 ec
403 3385 585 3453 cavendum,
617 3399 656 3442 ne
682 3384 722 3443 ad
742 3381 893 3441 sublimes
924 3383 994 3441 illas
1017 3381 1227 3457 professiones
1254 3396 1331 3452 quas

402 3483 516 3538 vocant
550 3479 651 3547 illotis,
687 3480 723 3537 ut
757 3477 855 3545 aiunt,
897 3479 1029 3554 pedihus
1060 3479 1224 3547 irrumpas,
1257 3476 1331 3547 quin

402 3575 502 3632 modis
524 3574 668 3634 omnibus
689 3573 871 3641 curandum,
894 3581 929 3631 ut
951 3576 1113 3645 utriusque
1139 3570 1331 3627 litteraturae

404 3671 549 3729 mediocri
572 3669 749 3744 cognitione
769 3673 978 3742 praeparatus
993 3667 1133 3729 accedas
1177 3664 1227 3723 Sic
1249 3664 1331 3721 enirn

400 3767 551 3837 futurum,
579 3768 617 3824 ut
642 3766 673 3824 in
702 3763 875 3838 disciplinis
897 3765 947 3822 his
969 3762 1165 3837 gravioribus
1188 3760 1279 3817 citius
1302 3764 1333 3815 ct

362 3862 535 3930 refacilius
568 3879 628 3935 quo
650 3860 761 3928 tendis
794 3861 960 3934 pervenias
982 3865 1013 3916 et
1033 3860 1153 3916 rectum
1184 3856 1215 3913 in
1238 3854 1331 3912 rebus
