3409 4567
370 482 403 539 12
649 475 1064 527 nosuiinnvsrosnoioon.

493 662 660 721 ioannes
722 660 768 719 Do
802 659 898 720 fidem
938 676 989 718 me
1029 660 1061 717 in
1093 658 1237 717 omnibus
1268 656 1350 732 quod

416 760 537 816 reotum
558 757 617 816 erit
637 757 781 832 quodque
801 760 836 814 tu
856 755 988 815 iusseris
1008 753 1174 813 facturum.

378 865 439 920 [aaa]
509 850 797 927 Ludimagister.
838 850 886 910 Ita
919 865 1010 926 spero
1053 850 1057 925 1
1099 848 1232 924 quidem.
1287 846 1350 906 Sed

415 963 495 1020 quae
515 947 570 1006 tibi
591 949 641 1007 est
660 943 781 1021 patria?
809 946 850 1005 vt
869 947 901 1005 in
922 945 1125 1005 rationarium
1146 943 1204 1003 hoe
1226 958 1350 1016 quoque

388 1038 598 1098 eadsoribam.

487 1134 657 1194 loannes.
690 1133 795 1194 Patria
809 1134 886 1193 mihi
907 1136 956 1193 est
971 1133 1069 1201 Auba,
1090 1133 1238 1209 oppidum
1251 1131 1347 1191 Fran-

410 1229 476 1288 oiae
501 1230 662 1290 orientalis
688 1247 749 1289 non
775 1230 883 1306 proeul
910 1230 947 1288 ab
969 1228 1137 1304 Herbipoli,
1164 1227 1277 1288 celebri
1299 1244 1347 1285 sa-

410 1326 571 1384 cerdotum
592 1326 676 1393 sede,
699 1326 804 1385 situm.

491 1419 775 1497 Ludimagister.
830 1421 887 1481 Sat
920 1422 1027 1480 habeo.
1074 1419 1161 1491 Quod
1194 1420 1347 1493 superest,

376 1527 401 1571 10
415 1515 574 1574 curabitur
599 1516 655 1574 tibi
680 1532 735 1591 pro
762 1519 816 1575 tua
841 1518 926 1575 sorte
951 1515 1230 1588 commoditateque
1251 1514 1347 1572 domi-

413 1611 526 1669 eilium.
568 1612 612 1670 Aa
639 1613 673 1670 tu
693 1613 819 1686 quidem
839 1613 871 1670 in
893 1628 929 1671 eo
951 1612 997 1671 sio
1017 1613 1048 1670 te
1069 1626 1153 1686 gere,
1183 1626 1222 1668 ne
1243 1609 1348 1683 aliqua

412 1706 536 1764 macula
556 1706 628 1765 hine
649 1708 682 1765 in
703 1713 842 1767 nostram
863 1707 1003 1767 scholam
1023 1705 1185 1766 redundet.

490 1800 657 1861 ioannes.
703 1800 790 1873 Quod
811 1804 850 1862 ad
871 1804 953 1862 hano
974 1819 1041 1861 reni
1062 1802 1183 1868 attinet,
1215 1818 1346 1860 securus

413 1900 489 1963 esto,
515 1895 632 1970 optime
654 1899 852 1971 praeceptum
878 1912 959 1964 narn,
985 1896 1021 1954 ut
1040 1893 1226 1967 inquilinum
1248 1893 1345 1961 decet,

374 2003 398 2045 ιε
412 1990 641 2050 modestissime
672 2008 773 2067 agam.
825 1990 973 2066 Nunquid
1007 1989 1091 2049 aliud
1118 1988 1194 2047 mihi
1224 1989 1273 2047 vis
1300 1989 1345 2048 in·

410 2082 560 2160 iungere?

488 2178 776 2257 Ludimagister.
826 2180 919 2250 Nihil,
950 2197 1023 2240 nam
1049 2180 1175 2255 siquid
1201 2181 1346 2254 superest

411 2275 464 2334 tibi
486 2277 718 2351 praestandum,
734 2277 846 2336 eotidie
867 2277 949 2336 inter
963 2276 1208 2352 praelegendum
1222 2274 1345 2334 anobis
1410 2287 1412 2292 ·

411 2371 537 2430 dicetur.

372 2740 398 2783 ro
687 2724 915 2791 DIALOGVS
939 2724 1012 2791 VII.

359 2864 404 2918 De
423 2864 567 2919 domicilio
585 2864 734 2920 commodo
752 2872 841 2935 atque
860 2864 1039 2920 incommodo
1059 2863 1153 2935 deque
1171 2868 1344 2934 paupertate

591 2957 679 3022 atque
698 2953 846 3021 opulentia
865 2953 1109 3007 scholasticorum.

616 3075 797 3151 Iosephus
819 3087 855 3135 et
876 3076 1092 3135 Cleanthes.

487 3221 679 3297 losephus.
708 3222 787 3295 Quid
801 3224 913 3299 agitur,
929 3224 971 3284 mi
985 3219 1172 3283 Cleanthes?
1193 3221 1343 3296 Contigit-

370 3331 395 3373 25
409 3333 449 3375 ne
470 3317 525 3375 tibi
547 3319 708 3378 commoda
720 3319 881 3379 habitandi
896 3320 994 3380 ratio?
1024 3321 1087 3378 Aut
1100 3319 1201 3378 adhue
1215 3317 1343 3376 incertis

409 3414 536 3472 sedibus
558 3411 704 3473 oberras?

487 3508 700 3567 Cleanthes.
742 3509 880 3585 Contigit
900 3511 1025 3585 quidem
1045 3509 1264 3575 habitaculum,
1287 3507 1343 3566 sed

409 3604 476 3661 eius
491 3604 692 3663 commoditas
707 3607 795 3663 tantu
809 3623 870 3664 non
886 3612 942 3674 est,
963 3609 1111 3680 quantam
1126 3603 1192 3662 fore
1207 3602 1341 3677 speravi,

408 3699 562 3773 siquidem
588 3716 662 3775 spes
688 3708 755 3758 erat
777 3700 852 3766 fore.
884 3706 918 3759 ut
940 3700 1016 3759 civis
1038 3699 1169 3758 alieuius
1189 3696 1342 3757 beneficio

368 3807 471 3852 suune
502 3811 572 3853 oum
603 3795 755 3854 domicilio
781 3800 812 3854 et
839 3798 956 3855 vietum
982 3794 1240 3870 qualemcumque
1265 3809 1341 3852 nan-

409 3890 555 3962 oisoerer;
580 3907 689 3949 verum
714 3891 811 3950 multo
837 3893 928 3951 aliter
952 3892 1065 3951 evenit.
1105 3888 1185 3949 Nam
1210 3889 1262 3948 vix
1286 3887 1341 3947 im·
